2820 4764
684 255 724 315 11

115 539 118 544 ,
160 460 210 546 (1)
249 463 288 528 sii
320 461 495 528 ootamas
539 464 651 546 aeqai
804 462 871 544 ΠΙ,
914 467 965 543 12,
1002 470 1021 527 2
1200 481 1301 527 memo

115 591 242 636 reram
288 569 457 635 omaiam
502 570 652 636 iudices
759 570 908 635 amimam
928 567 1088 651 facientis,
1111 569 1168 633 sect
1188 567 1294 651 ipsam

114 698 185 759 osse,
215 675 272 753 boc
295 677 444 759 primam
465 676 559 743 mobis
575 698 651 760 qer·
759 677 906 743 aestimat
934 674 1066 758 factam.
1116 676 1209 758 oblat
1239 674 1295 740 itte

50 815 63 823 ·
113 784 307 850 suadeamus
328 784 488 850 nemimem
503 787 651 849 nostram
758 783 936 849 iatooercdros
957 786 1001 847 est
1022 781 1158 848 ootacrit
1178 803 1225 848 om
1239 783 1292 848 im·

113 913 177 957 esse
198 891 268 956 siae
289 888 408 972 oretqa.
434 941 441 956 .
466 939 475 955 .
499 887 577 973 .(4)
594 889 651 957 boc
757 890 878 971 ciderit,
902 893 1076 956 coactas
1097 890 1158 955 sit
1179 910 1226 955 am
1241 891 1292 955 de·

114 997 283 1083 coqitarctes
315 997 515 1079 aequiores
548 997 650 1063 simios
757 1000 873 1083 coptus,
902 997 1012 1061 odiam
1037 1000 1161 1062 secutus
1182 996 1225 1063 sit
1246 1017 1293 1062 om

113 1103 370 1186 delinquentibus
548 1103 650 1188 coqita
752 1090 948 1186 proemium,
963 1103 1026 1169 sibi
1040 1124 1158 1168 morem
1166 1104 1303 1189 qesserit'

114 1231 162 1276 aa
192 1211 286 1294 qorior
317 1210 427 1294 feceris
460 1258 570 1277 ...
599 1208 649 1294 (5)
757 1230 804 1276 aa
823 1210 919 1276 atteri
937 1211 1193 1276 commodaverit.
1232 1210 1292 1276 aa·

114 1317 281 1402 coqitemas
464 1317 547 1383 otios
580 1338 650 1383 rcorc
758 1318 838 1400 qaid
886 1321 973 1383 aetas
1011 1318 1171 1401 peccantis
1202 1317 1299 1401 facit.

112 1422 215 1507 facere
235 1424 407 1506 iniuriam,
422 1426 476 1490 sect
489 1444 650 1507 reponere,
757 1425 885 1507 atiqaiot
908 1424 1047 1508 fortrcrca
1070 1474 1079 1491 .
1104 1472 1112 1489 .
1137 1473 1145 1490 .
1171 1473 1179 1489 .
1204 1445 1294 1492 aare

114 1532 196 1596 otios
216 1552 278 1614 pro
299 1531 392 1607 mobis
405 1530 518 1614 facere,
535 1531 652 1596 otios
756 1531 838 1616 facit
868 1553 928 1597 roos
956 1531 1131 1597 iraoamdos
1152 1531 1293 1615 irciqaa

114 1642 284 1705 coactos
311 1637 424 1722 facere,
457 1639 538 1704 otios
560 1638 651 1724 iqroo·
758 1639 888 1705 rostri
910 1638 1141 1704 aestimatio.

113 1749 223 1811 rantes
410 1744 467 1830 (7)
500 1746 557 1812 sed
594 1745 651 1811 abi

114 1856 189 1917 tam
216 1872 376 1936 acqaam
406 1853 569 1920 iadicem
596 1853 649 1919 iro·

113 1958 238 2025 biom?
263 2009 270 2026 .
297 2008 304 2024 .
330 2008 372 2026 ..

159 2102 207 2183 11,
231 2109 298 2189 ⁴22,
331 2109 352 2169 4
386 2104 493 2187 itaque
525 2105 650 2190 aqcmta
802 2102 870 2184 ΙΙΙ,
898 2108 952 2183 28,
976 2107 1030 2166 4.
1055 2150 1063 2166 .
1087 2148 1097 2165 .
1121 2149 1130 2165 .
1155 2097 1293 2164 mccttam

114 2213 158 2274 cst
183 2214 296 2276 coatra
323 2233 355 2276 se
385 2232 482 2278 caasa
514 2212 651 2278 absentis
757 2211 867 2272 autem
888 2209 1027 2285 interest,
1047 2211 1158 2272 atram
1173 2205 1301 2287 aliquis

40 2320 52 2332 “
113 2320 144 2381 et
166 2317 203 2382 io
226 2328 378 2400 sro'sqoerso
399 2318 453 2383 ira
479 2321 649 2411 retimqada
756 2313 919 2380 ootamtati
932 2334 1018 2379 meae
1033 2314 1127 2380 obstet
1140 2334 1188 2379 am
1202 2313 1291 2394 desit,

755 2422 876 2504 eripiat
904 2442 951 2487 am
986 2443 1056 2488 moro
1088 2422 1147 2486 det.
1201 2419 1293 2502 atqai

749 2528 795 2594 >irc
839 2549 939 2612 aeqao
980 2529 1136 2612 ponimus
1180 2531 1292 2592 caram

689 2680 692 2685 ι
755 2635 877 2718 otiqais
899 2635 1030 2719 auferat
1043 2655 1091 2700 aa
1105 2638 1199 2720 roeqet
1215 2682 1223 2699 .
1237 2682 1246 2699 .
1259 2682 1268 2698 .
1282 2682 1290 2698 .

755 2746 868 2826 atram
896 2747 1010 2810 contra
1036 2763 1097 2809 rios
1121 2741 1225 2825 faciat
1244 2760 1297 2806 aa

626 2884 629 2887 ·
736 2870 815 2932 ¹pro
850 2871 883 2916 se
1059 2848 1297 2930 atiaspotrem

757 2960 865 3021 taetra
901 2957 988 3024 otircs
1019 2957 1166 3042 fratrem,
1202 2956 1294 3022 atius

749 3065 897 3147 patriam
922 3114 929 3129 .
955 3115 963 3131 .
989 3115 997 3130 .
1023 3084 1139 3145 ‚saepe
1155 3065 1192 3130 de
1206 3063 1297 3147 facto·

754 3169 830 3238 berre
851 3172 1080 3253 eristimamas,
1104 3171 1297 3255 defocieate

744 3280 836 3345 mate
860 3329 868 3344 .
894 3329 903 3346 .
928 3328 969 3346 ..

203 3417 617 3504 vehemente1·“legentem
655 3440 705 3487 me
744 3420 930 3487 offendebat
960 3423 1009 3504 id,
1042 3423 1127 3502 quod
1157 3421 1190 3486 in
1220 3420 1296 3503 ipso

114 3525 245 3591 exordio
276 3527 351 3593 libri
374 3527 464 3593 tertii
488 3527 579 3615 quasi
603 3528 741 3594 nondum
764 3532 938 3594 tractatam
962 3522 1130 3595 materiam
1153 3528 1297 3609 scriptor

113 3632 300 3713 exsequitur
353 3654 436 3716 quae
491 3635 583 3701 modo
631 3635 665 3701 in
716 3635 780 3702 fine
818 3635 894 3702 libri
938 3636 1162 3704 antecedentis
1207 3637 1290 3702 satis

112 3739 283 3825 obtigerat.
330 3747 425 3834 atque
447 3742 488 3809 de
511 3741 779 3824 descriptionibus
800 3741 872 3810 irae
894 3744 943 3826 ΙΙ,
968 3751 1009 3811 35
1034 3748 1068 3810 et
1090 3742 1156 3826 ΙΙΙ,
1181 3749 1202 3809 4
1225 3744 1289 3810 iam

112 3842 232 3914 dictum
255 3852 320 3930 est3
344 3848 437 3916 adice
451 3849 730 3931 comparationem
753 3850 823 3917 eius
846 3870 916 3916 oum
941 3850 1059 3917 ceteris
1081 3851 1187 3918 vitiis:

71 4068 74 4074 ,
157 3995 212 4079 11,
253 4002 311 4077 eo,
351 4003 385 4063 o:
436 3977 702 4119 maiomam]
800 4000 867 4081 111,
908 4007 938 4083 s,
978 4007 999 4067 4
1037 4018 1075 4081 sq
1114 4002 1296 4067 ....44

215 4151 223 4168 .
257 4103 330 4171 ittos
358 4104 482 4186 matam
513 4106 594 4189 cepit
619 4111 649 4172 et
754 4105 861 4189 quatis
883 4107 925 4172 sit
946 4107 1114 4189 adpareat,
1136 4127 1290 4188 compa·

112 4209 245 4277 ommia
267 4231 509 4296 casaperaas
533 4213 646 4289 vitia
753 4204 884 4279 ramota
915 4234 998 4279 cam
1016 4214 1196 4296 pessimis
1226 4217 1287 4278 est.

4 4394 7 4399 ,
258 4318 366 4403 ommis
395 4319 533 4409 domique
564 4319 656 4395 otios,
674 4263 702 4408 ,Ι
736 4315 927 4410 ¹avaritia
948 4309 1096 4404 aotqairit
1115 4325 1145 4388 et
1163 4325 1292 4388 coatra-
