2820 4764
677 240 718 299 22

110 451 253 516 dearttat
283 499 289 513 .
316 497 323 511 .
357 454 390 514 et
422 449 469 530 ΙΙ,
504 455 556 529 14,
571 456 605 514 3:
639 448 807 532 Pprrhara
842 449 1020 512 martenam
1048 451 1287 530 praeceptorem

110 557 294 621 certaminis
325 556 470 641 ppraar'cr'
505 556 634 621 sohtara
671 556 768 620 ac'aat
808 604 981 622 ......
1010 557 1209 638 praecipere,
1244 578 1289 622 ree

111 666 333 729 irascerentur.
383 664 437 728 ira
464 665 551 729 eatra
569 663 741 745 pertarbat
762 668 862 728 artem
885 667 914 727 et
936 682 1000 745 aaa
1023 668 1133 729 noceat
1155 667 1289 729 tantam

111 772 245 854 actspr'cr‘t
267 820 275 836 .
301 820 308 834 .
334 771 392 861 sed
425 772 504 835 haec
536 771 713 836 leviuscula
744 778 839 850 atque
873 771 953 834 adeo
979 770 1083 836 nihili:
1117 772 1289 838 molestius

112 879 194 958 qrrod
211 884 323 943 contra
338 877 575 958 Peripateticos
592 877 775 957 disputatur
792 878 821 958 Ι,
841 877 1031 958 ltprimum
1050 877 1141 942 brevi
1162 879 1288 958 capite:

201 982 251 1070 (l)
273 1005 351 1050 aare
369 989 506 1068 potest,
530 985 653 1067 inanit,
676 983 769 1066 fieri
791 983 1037 1067 Theophrastus,
1063 990 1103 1048 at
1126 1006 1203 1050 aare
1226 988 1291 1050 vtr

112 1095 230 1159 hohas
252 1094 448 1158 irascatar
471 1092 593 1157 oratr's.
640 1093 840 1157 istomodo
864 1113 933 1174 aaa
957 1092 1090 1157 raetr'or
1111 1093 1288 1175 parsque,

112 1202 166 1264 ita
190 1200 418 1265 iracaactc'or
441 1200 513 1264 erit
537 1251 543 1265 .
570 1249 577 1264 .
603 1251 610 1264 .
640 1197 691 1283 (2)
715 1200 910 1282 peccaretis
939 1221 1023 1264 aero
1056 1200 1148 1282 patet
1180 1200 1290 1266 hahet

111 1328 177 1372 car
201 1308 336 1387 oderit,
360 1329 431 1373 carr
453 1329 543 1373 error
566 1306 638 1373 c‘ttos
661 1308 700 1373 rfrc
721 1308 875 1372 etasrnoch'
898 1306 1009 1373 achata
1032 1307 1291 1389 compellat?

113 1435 230 1496 nepae
244 1414 343 1480 eaira
366 1435 508 1496 aepaas
523 1415 638 1479 iacterc
658 1413 776 1478 attam
799 1415 840 1479 cte
862 1433 944 1496 saa,
962 1413 1080 1478 ah'ara
1101 1416 1142 1479 cte
1156 1416 1292 1483 atiena

112 1540 226 1586 caasa
257 1522 488 1587 sehteatr'ara
520 1520 602 1596 tert.
638 1519 689 1605 (3)
722 1542 826 1586 aereo
859 1521 1031 1603 taqaart,
1064 1523 1293 1588 taoeatetar

114 1629 179 1712 pat
201 1650 237 1694 se
254 1630 377 1711 possit
399 1629 602 1694 absolvere.
628 1679 635 1694 .
662 1678 669 1693 .
695 1679 703 1693 .

159 1796 160 1800 ,
205 1741 270 1801 tnm
295 1755 315 1800 a
337 1737 386 1818 ΙΙ,
401 1742 437 1800 6:
463 1736 599 1816 quinque
623 1740 692 1801 tota
720 1736 829 1816 capita
859 1754 931 1801 sese
961 1737 1155 1817 excipientis
1188 1739 1295 1805 eidem

114 1844 162 1909 rei
184 1843 423 1924 impenduntur:

205 1958 286 2018 6.1;
332 1951 470 2030 ar'rtas,
494 1948 612 2031 irascit,
636 1954 679 2015 at
705 1949 873 2014 honestis
898 1949 1008 2015 rehas
1026 1951 1202 2032 propitia
1226 1957 1295 2036 est,

112 2059 170 2123 ita
193 2057 372 2141 tarpihas
395 2058 500 2122 irata
522 2078 597 2122 esse
619 2048 730 2122 dehet.
756 2106 763 2122 .
791 2106 798 2119 .
824 2105 831 2121 .
857 2053 908 2140 (4)
932 2077 1020 2121 aare
1044 2062 1111 2122 aat
1137 2057 1297 2142 (sapiens)

114 2165 276 2249 iaiqaas
299 2165 385 2248 erit,
409 2161 442 2230 sr‘
463 2164 679 2246 acqaate'ter
701 2163 890 2230 irascetar
913 2162 1061 2229 delictis
1076 2165 1296 2247 r'aaeqaati·

115 2268 194 2359 blas,
219 2277 287 2339 aat
314 2271 708 2353 tracaadr'ssioras,st
742 2271 855 2337 toh'eas
892 2272 1111 2352 amothra,
1147 2273 1298 2353 paraticas

116 2380 201 2445 irara
225 2379 340 2446 scelera
362 2380 548 2445 caeraerc'at.

208 2495 237 2570 9,
251 2492 286 2552 4;
333 2488 362 2553 st
379 2490 506 2553 tantam
521 2487 618 2552 r'rasa'
633 2487 682 2552 ets
699 2488 873 2570 sapieatera
895 2490 1055 2568 pacatam
1073 2484 1221 2552 sceterata
1238 2487 1296 2551 tre·

116 2595 258 2680 tipattas
285 2596 393 2682 eripit,
418 2616 487 2661 aaa
511 2595 713 2660 trasceadarn
736 2595 797 2675 ith',
825 2594 879 2659 sed
906 2594 1137 2659 tasaaicactanc
1159 2596 1211 2657 est.

208 2709 309 2785 10,1:
334 2701 435 2768 arrae
458 2703 589 2786 petias
621 2702 804 2788 capitatis
835 2722 914 2767 aare
944 2722 1020 2767 esse
1051 2701 1297 2767 trasceadarn

116 2810 335 2876 errorthas.
362 2861 368 2875 .
395 2859 402 2874 .
428 2859 436 2875 .
462 2807 512 2893 (6)
546 2830 624 2875 aaa
648 2811 836 2876 irascetar
869 2810 1026 2892 sapiens
1043 2808 1297 2890 peccaatr'hecs

118 2966 126 2981 .
152 2968 159 2983 .
184 2966 192 2982 .
218 2965 226 2981 .
249 2920 302 2982 etc.
326 2921 378 2983 etc.

670 3161 731 3248 Π.

209 3328 295 3415 Quid
317 3328 419 3410 igitur
442 3327 585 3393 omnibus
612 3327 664 3395 his
694 3329 822 3394 iteratis
853 3327 886 3392 in
916 3346 1011 3393 unum
1042 3327 1170 3393 collatis
1200 3327 1298 3407 profi-

119 3434 244 3502 cimus?
279 3436 355 3512 hoc,
388 3443 478 3516 puto,
516 3435 599 3516 quod
642 3435 858 3501 intelleximus
890 3434 1046 3501 Senecam
1081 3434 1199 3514 ipsum,
1225 3451 1299 3500 cum

119 3544 177 3609 hos
200 3548 268 3608 tres
291 3541 391 3608 libros
414 3542 644 3626 conscriboeet,
669 3561 689 3608 a
712 3542 816 3624 prima
839 3540 965 3624 origine
990 3546 1112 3606 eertum
1136 3540 1298 3620 quoddam

120 3649 285 3715 eonsilium
309 3656 452 3715 secutum
473 3669 526 3716 res
550 3655 804 3732 argumentaque
826 3648 946 3713 totiens
969 3647 1110 3729 repetita
1127 3646 1299 3727 disponere

122 3775 184 3822 non
201 3755 356 3837 potuisse.
403 3775 501 3838 supra
525 3762 760 3839 negaveramus
783 3755 975 3837 partitiones
998 3755 1073 3821 illas
1097 3754 1176 3819 ditas
1204 3753 1301 3820 unius

120 3865 324 3944 eiusdemque
348 3865 531 3947 argumenti
556 3883 596 3929 ae
628 3865 843 3948 tractationis
876 3867 972 3945 atque
1003 3863 1139 3928 alteram
1170 3859 1300 3941 quidem

121 3970 277 4037 tenuioris
301 3970 497 4053 bipertitam,
522 3971 718 4053 tripertitam
743 3970 907 4053 amplioris
931 3970 1078 4051 alteiam,
1102 3969 1135 4034 in
1160 3987 1221 4032 uno
1245 3987 1300 4033 eo·

120 4081 254 4160 demque
270 4096 366 4159 opere
381 4078 474 4144 iuxta
488 4097 561 4145 sese
575 4079 678 4145 locum
694 4079 815 4144 habere
832 4096 939 4159 posse:
964 4077 1039 4158 qnid
1055 4073 1178 4157 igitur?
1202 4094 1299 4141 eom·

121 4185 254 4266 plures
282 4185 534 4252 recensiones
567 4185 779 4267 probabiliter
814 4185 987 4268 agnovisse
1015 4183 1107 4250 nobis
1139 4181 1300 4250 videmur.

122 4293 280 4374 adquam
310 4293 541 4376 quaestionem,
575 4293 678 4374 quoad
709 4293 779 4359 eius
811 4292 881 4358 fieri
914 4298 1031 4376 potest,
1065 4288 1303 4374 profligandam
