2820 4764
111 469 265 534 animas
280 473 346 554 est,
371 471 412 533 at
431 469 543 533 ictam
567 489 644 535 nan
691 489 693 492 ⁴

111 576 254 642 sentiat
275 576 355 641 nisi
375 595 535 659 pravam.

798 474 850 549 36,
866 476 899 532 1;
918 486 1040 533 omnes
1055 486 1187 531 sensas
1197 488 1289 547 per·

752 573 915 640 iacendi
936 576 1015 638 sant
1037 574 1080 637 acl
1100 571 1288 653 firmitatem

202 843 306 890 nonne
334 824 387 888 hic
415 824 665 905 parallelismum
689 823 846 905 quendam
872 821 1043 906 agnoscis?
1066 821 1099 886 in
1124 821 1187 886 alic
1213 841 1288 886 can-

113 936 204 998 tcxta
235 931 375 1010 scriptor
406 931 488 996 haec
518 931 582 996 iam
615 930 758 998 breviter
788 930 947 1013 attigerat
975 930 1002 1010 Ι,
1035 935 1085 1010 12,
1103 937 1137 994 4:
1176 977 1252 993 ...
1281 978 1288 991 .

112 1039 195 1103 idem
215 1037 345 1121 faciant
365 1036 406 1119 (si
434 1036 642 1118 irascantur),
669 1037 699 1103 si
721 1037 857 1102 aitracm
877 1036 1019 1120 fractam
1040 1040 1094 1117 est,
1118 1035 1147 1099 si
1169 1035 1291 1101 calceas

113 1145 193 1211 lato
213 1165 371 1227 sparsas
393 1149 436 1210 est
459 1193 466 1209 .
493 1194 499 1209 .
526 1195 534 1209 .
559 1194 566 1209 .
590 1144 702 1226 (iram)
726 1196 732 1209 .
759 1193 766 1209 .
792 1193 799 1206 .
827 1193 833 1209 .
858 1143 1081 1226 infirmitas
1105 1147 1209 1207 movet.

203 1306 243 1315 —
269 1288 363 1350 porro
387 1268 448 1334 sibi
472 1270 684 1350 respondent:

161 1402 188 1476 1,
208 1401 259 1472 18,
277 1400 310 1459 2:
333 1394 471 1460 etiamsi
486 1394 646 1479 inperitar

113 1500 210 1566 acmlis
230 1502 357 1584 ceritas,
382 1504 471 1566 amat
489 1505 519 1566 cl
541 1505 647 1566 tactar

113 1629 262 1674 errorem.
319 1608 450 1692 caarpai
481 1628 550 1673 nen
580 1607 648 1673 acclt

113 1718 142 1779 ct
170 1715 208 1780 in
235 1714 317 1779 male
343 1714 457 1796 coeptis
487 1714 647 1780 honestior

114 1820 179 1886 illi
234 1820 460 1904 pertinacia
521 1821 647 1886 cialetar

114 1947 211 2010 paam
229 1927 432 2010 paenitentia
456 1976 463 1993 .
490 1977 497 1992 .
523 1976 530 1993 .
556 1975 564 1992 .

161 2042 213 2116 19,
242 2040 271 2100 1;
296 2034 396 2117 labet,
420 2034 556 2116 inpaam
579 2034 646 2099 ira·

114 2142 235 2207 ccandia
266 2141 323 2207 icoc
352 2140 446 2206 mali:
478 2161 547 2207 nan
580 2141 650 2207 aalt

114 2249 189 2333 rapi.
236 2248 389 2314 irascitnr
416 2247 544 2313 ceritati
573 2250 647 2332 ipsi,

113 2356 143 2420 si
176 2359 287 2420 cantra
324 2353 518 2420 volantatem
555 2375 649 2420 snam

115 2461 272 2543 adparuit
296 2510 303 2525 .
329 2510 336 2525 .
364 2509 370 2524 .
398 2509 405 2526 .

798 1393 864 1476 ΙΙΙ,
890 1401 941 1473 29,
960 1400 994 1458 2:
1019 1393 1143 1478 deinde,
1175 1412 1289 1474 paam-

752 1500 801 1566 ais
834 1519 921 1566 cana
958 1520 1017 1566 nas
1048 1498 1291 1581 carmitacerinl,

749 1626 1049 1691 perseveramus,
1066 1627 1107 1673 me
1122 1605 1292 1671 videamar

753 1715 883 1797 coepisse
904 1713 974 1779 sine
996 1734 1102 1779 caasa.
1148 1719 1180 1778 et
1204 1715 1292 1796 paoli

755 1821 997 1904 iniquissimam
1026 1825 1081 1902 est,
1109 1821 1290 1902 pertina-

755 1928 874 1995 ciares
915 1947 974 1994 nos
1013 1926 1093 2010 facit
1131 1927 1293 2010 iniqnitas

756 2037 834 2101 irae.
899 2035 1072 2100 retinemas
1121 2034 1213 2099 illam
1263 2040 1294 2099 ct

756 2163 916 2229 aapcmns,
949 2141 1042 2224 qnasi
1065 2144 1294 2225 arpamenlam

755 2249 799 2315 sit
836 2249 916 2314 inste
953 2247 1117 2314 irascentis
1149 2248 1294 2333 praviter

757 2355 863 2421 irasci.

205 2589 332 2650 restant
362 2584 525 2664 complura
553 2584 619 2649 alia
646 2603 728 2665 quse
751 2585 815 2651 etsi
838 2603 896 2666 per
921 2602 957 2649 se
980 2581 1010 2648 si
1033 2581 1153 2663 accipis
1177 2599 1294 2661 param

116 2693 262 2774 probant,
293 2695 400 2757 tamen
429 2691 457 2756 si
485 2691 550 2757 illis
576 2691 780 2774 gravioribus
808 2691 1036 2771 adnectuntur,
1067 2708 1128 2755 nan
1159 2706 1292 2769 prorsas

116 2799 284 2865 abicienda
308 2799 475 2865 videntur:

161 2907 208 2987 ΙΙ,
228 2912 279 2987 16,
298 2913 331 2972 3:
355 2906 649 2990 simplicissimi,

116 3013 261 3095 inanit,
279 3013 445 3079 amaiam
461 3013 651 3078 habeatnr

118 3119 308 3185 iracamcli.
324 3118 544 3201 sraaclalentis
565 3120 652 3185 enim

116 3231 147 3292 et
185 3226 317 3313 versatis
357 3230 587 3308 comparantur
624 3229 653 3290 et

116 3332 270 3416 simplices
286 3332 447 3412 cillentur,
461 3333 539 3414 qaia
560 3354 651 3415 eapo-

115 3439 171 3506 siti
192 3444 280 3505 sant.
328 3461 405 3523 qaas
428 3441 559 3523 periclem
582 3461 652 3507 nan

117 3545 306 3630 simplices
333 3548 485 3630 liparim,
519 3548 572 3613 scal
599 3548 651 3614 in·

117 3657 233 3719 cantas.
309 3655 428 3740 staltis,
476 3654 653 3722 laaaricsis

118 3759 342 3843 nepotilaspac
371 3760 427 3826 loc
455 3781 573 3827 nomem
600 3761 651 3827 in-

113 3867 269 3950 ponimus
310 3870 338 3932 et
381 3866 527 3933 omnibns
565 3868 652 3934 ciliis

113 3994 236 4058 param
259 3972 384 4039 callialis
408 4023 415 4039 .
443 4024 451 4040 .
477 4022 484 4039 .

208 4098 328 4179 pusilla
351 4104 440 4165 certe
462 4100 544 4167 hacc
567 4104 657 4167 sunt:

163 4206 211 4288 11,
237 4211 290 4290 30,
316 4214 428 4272 2z...
452 4206 558 4272 malas
586 4205 653 4289 (vir

120 4312 246 4394 estqui
274 4313 422 4379 iniuriam
447 4311 554 4397 fccit):
582 4313 653 4380 nali

802 2907 868 2989 ΙΙΙ,
885 2912 916 2989 4,
943 2912 975 2971 5:
1004 2924 1074 2970 non
1093 2902 1141 2968 vis
1160 2903 1296 2968 alman-

756 3034 827 3080 eam
854 3064 861 3079 .
889 3063 895 3078 .
922 3062 929 3077 .
955 3061 962 3077 .
987 3011 1056 3076 alia
1078 3009 1186 3075 animi
1207 3008 1299 3074 mala

758 3122 801 3187 acl
807 3120 958 3204 pessimos
974 3140 1111 3201 pacsque
1121 3120 1294 3201 pertinere,

758 3226 932 3294 iracanalia
1004 3226 1101 3291 ctiam
1161 3224 1297 3290 crrcditis

760 3334 943 3401 haminibus
975 3336 1003 3398 et
1031 3333 1070 3398 in
1102 3332 1171 3398 alia
1203 3333 1297 3397 sanis

759 3441 924 3525 inrepere?
954 3443 1047 3509 aclea
1076 3445 1118 3506 at
1139 3438 1297 3521 paridam

759 3550 1035 3632 simplicitatis
1105 3545 1297 3614 indiciam

759 3656 1011 3723 iracnncliam
1027 3656 1197 3721 dicantct
1208 3651 1298 3738 calpa

759 3763 908 3829 credatur
948 3762 1124 3846 facillimas
1163 3761 1297 3843 paispne

760 3868 834 3935 laic
857 3869 1014 3936 almaniae
1037 3917 1045 3935 .
1071 3917 1078 3933 .
1104 3917 1110 3933 .

805 4207 871 4281 ΙΙΙ,
909 4214 938 4288 5,
976 4215 1010 4273 6:
1041 4213 1207 4290 praeterea
1242 4209 1298 4277 ira

762 4315 1170 4397 ...aatpaenasalam
1187 4317 1295 4405 accipit.
