<?xml version="1.0" encoding="UTF-8"?>
<!DOCTYPE html PUBLIC "-//W3C//DTD XHTML 1.0 Transitional//EN"
    "http://www.w3.org/TR/xhtml1/DTD/xhtml1-transitional.dtd">
<html xmlns="http://www.w3.org/1999/xhtml" xml:lang="en" lang="en">
 <head>
  <title>
</title>
<meta http-equiv="Content-Type" content="text/html;charset=utf-8" />
  <meta name='ocr-system' content='tesseract 3.04.00' />
  <meta name='ocr-capabilities' content='ocr_page ocr_carea ocr_par ocr_line ocrx_word'/>
</head>
<body>
  <div class='ocr_page' id='page_1' title='image "./delibrorumquoss00pfengoog_0059.png"; bbox 0 0 2820 4764; ppageno 0'>
   <div class='ocr_carea' id='block_1_1' title="bbox 111 1000 1289 1647">
    <p class='ocr_par' dir='ltr' id='par_1_1' title="bbox 111 1000 1289 1647">
     <span class='ocr_line' id='line_1_1' title="bbox 186 1000 1287 1094; baseline 0 -12"><span class='ocrx_word' id='word_1_1' title='bbox 186 1000 281 1082; x_wconf 77' lang='lat' dir='ltr'>Natus</span> <span class='ocrx_word' id='word_1_2' title='bbox 299 1043 357 1082; x_wconf 75' lang='lat' dir='ltr'>sum</span> <span class='ocrx_word' id='word_1_3' title='bbox 381 1026 570 1082; x_wconf 83' lang='lat' dir='ltr'>Richardus</span> <span class='ocrx_word' id='word_1_4' title='bbox 594 1024 741 1094; x_wconf 76' lang='lat' dir='ltr'>Prennig</span> <span class='ocrx_word' id='word_1_5' title='bbox 764 1042 788 1079; x_wconf 78' lang='lat' dir='ltr'>a.</span> <span class='ocrx_word' id='word_1_6' title='bbox 814 1027 839 1080; x_wconf 85' lang='lat' dir='ltr'>o.</span> <span class='ocrx_word' id='word_1_7' title='bbox 858 1025 941 1081; x_wconf 85' lang='lat' dir='ltr'>xur.</span> <span class='ocrx_word' id='word_1_8' title='bbox 961 1025 1017 1081; x_wconf 80' lang='lat' dir='ltr'>cu.</span> <span class='ocrx_word' id='word_1_9' title='bbox 1036 1027 1109 1080; x_wconf 77' lang='lat' dir='ltr'>naa</span> <span class='ocrx_word' id='word_1_10' title='bbox 1136 1026 1200 1080; x_wconf 73' lang='lat' dir='ltr'>anm</span> <span class='ocrx_word' id='word_1_11' title='bbox 1218 1027 1246 1080; x_wconf 87' lang='lat' dir='ltr'>n.</span> <span class='ocrx_word' id='word_1_12' title='bbox 1265 1045 1287 1082; x_wconf 75' lang='lat' dir='ltr'>s.</span> 
     </span>
     <span class='ocr_line' id='line_1_2' title="bbox 111 1132 1288 1202; baseline 0.001 -13"><span class='ocrx_word' id='word_1_13' title='bbox 111 1134 194 1189; x_wconf 85' lang='lat' dir='ltr'>LXII</span> <span class='ocrx_word' id='word_1_14' title='bbox 223 1133 378 1189; x_wconf 85' lang='lat' dir='ltr'>Zeissaviae</span> <span class='ocrx_word' id='word_1_15' title='bbox 406 1133 435 1186; x_wconf 90' lang='lat' dir='ltr'>in</span> <span class='ocrx_word' id='word_1_16' title='bbox 462 1132 521 1187; x_wconf 84' lang='lat' dir='ltr'>vico</span> <span class='ocrx_word' id='word_1_17' title='bbox 546 1133 642 1189; x_wconf 86' lang='lat' dir='ltr'>Silesio</span> <span class='ocrx_word' id='word_1_18' title='bbox 669 1139 746 1201; x_wconf 85' lang='lat' dir='ltr'>patre</span> <span class='ocrx_word' id='word_1_19' title='bbox 766 1134 860 1187; x_wconf 85' lang='lat' dir='ltr'>Oarolo</span> <span class='ocrx_word' id='word_1_20' title='bbox 888 1138 972 1188; x_wconf 86' lang='lat' dir='ltr'>matre</span> <span class='ocrx_word' id='word_1_21' title='bbox 991 1133 1136 1188; x_wconf 83' lang='lat' dir='ltr'>Henrietta</span> <span class='ocrx_word' id='word_1_22' title='bbox 1162 1151 1177 1187; x_wconf 92' lang='lat' dir='ltr'>e</span> <span class='ocrx_word' id='word_1_23' title='bbox 1204 1139 1288 1202; x_wconf 84' lang='lat' dir='ltr'>gente</span> 
     </span>
     <span class='ocr_line' id='line_1_3' title="bbox 113 1240 1288 1309; baseline 0 -13"><span class='ocrx_word' id='word_1_24' title='bbox 113 1242 264 1296; x_wconf 86' lang='lat' dir='ltr'>Hentschel</span> <span class='ocrx_word' id='word_1_25' title='bbox 276 1258 354 1308; x_wconf 91' lang='lat' dir='ltr'>quam</span> <span class='ocrx_word' id='word_1_26' title='bbox 368 1241 421 1295; x_wconf 91' lang='lat' dir='ltr'>iam</span> <span class='ocrx_word' id='word_1_27' title='bbox 439 1241 541 1309; x_wconf 86' lang='lat' dir='ltr'>pridem</span> <span class='ocrx_word' id='word_1_28' title='bbox 560 1246 644 1296; x_wconf 90' lang='lat' dir='ltr'>morte</span> <span class='ocrx_word' id='word_1_29' title='bbox 663 1240 728 1294; x_wconf 94' lang='lat' dir='ltr'>mihi</span> <span class='ocrx_word' id='word_1_30' title='bbox 746 1246 864 1309; x_wconf 86' lang='lat' dir='ltr'>ereptam</span> <span class='ocrx_word' id='word_1_31' title='bbox 882 1241 969 1309; x_wconf 83' lang='lat' dir='ltr'>lugeo.</span> <span class='ocrx_word' id='word_1_32' title='bbox 1007 1240 1118 1295; x_wconf 87' lang='lat' dir='ltr'>Gorlicii</span> <span class='ocrx_word' id='word_1_33' title='bbox 1135 1240 1288 1296; x_wconf 87' lang='lat' dir='ltr'>litterarum</span> 
     </span>
     <span class='ocr_line' id='line_1_4' title="bbox 114 1347 1287 1415; baseline 0.001 -12"><span class='ocrx_word' id='word_1_34' title='bbox 114 1348 251 1403; x_wconf 88' lang='lat' dir='ltr'>elementis</span> <span class='ocrx_word' id='word_1_35' title='bbox 267 1349 385 1403; x_wconf 91' lang='lat' dir='ltr'>imbutus</span> <span class='ocrx_word' id='word_1_36' title='bbox 397 1349 566 1415; x_wconf 81' lang='lat' dir='ltr'>frequentavi</span> <span class='ocrx_word' id='word_1_37' title='bbox 578 1348 694 1403; x_wconf 84' lang='lat' dir='ltr'>scholam</span> <span class='ocrx_word' id='word_1_38' title='bbox 708 1364 788 1414; x_wconf 88' lang='lat' dir='ltr'>quam</span> <span class='ocrx_word' id='word_1_39' title='bbox 801 1354 858 1403; x_wconf 92' lang='lat' dir='ltr'>tum</span> <span class='ocrx_word' id='word_1_40' title='bbox 876 1347 1000 1402; x_wconf 79' lang='lat' dir='ltr'>(licebant</span> <span class='ocrx_word' id='word_1_41' title='bbox 1018 1349 1115 1402; x_wconf 88' lang='lat' dir='ltr'>realem</span> <span class='ocrx_word' id='word_1_42' title='bbox 1134 1349 1159 1404; x_wconf 92' lang='lat'>1.</span> <span class='ocrx_word' id='word_1_43' title='bbox 1178 1349 1287 1412; x_wconf 80' lang='lat' dir='ltr'><strong>ordinis,</strong></span> 
     </span>
     <span class='ocr_line' id='line_1_5' title="bbox 115 1455 1289 1524; baseline 0.002 -15"><span class='ocrx_word' id='word_1_44' title='bbox 115 1455 295 1511; x_wconf 85' lang='lat' dir='ltr'>Wutzdorilio</span> <span class='ocrx_word' id='word_1_45' title='bbox 319 1462 430 1521; x_wconf 90' lang='lat' dir='ltr'>rectore,</span> <span class='ocrx_word' id='word_1_46' title='bbox 454 1473 524 1510; x_wconf 90' lang='lat' dir='ltr'>nunc</span> <span class='ocrx_word' id='word_1_47' title='bbox 549 1472 612 1510; x_wconf 87' lang='lat' dir='ltr'>vero</span> <span class='ocrx_word' id='word_1_48' title='bbox 634 1456 802 1524; x_wconf 82' lang='lat' dir='ltr'>gymnasium</span> <span class='ocrx_word' id='word_1_49' title='bbox 827 1455 908 1520; x_wconf 86' lang='lat' dir='ltr'>reale,</span> <span class='ocrx_word' id='word_1_50' title='bbox 931 1455 973 1509; x_wconf 90' lang='lat' dir='ltr'>cui</span> <span class='ocrx_word' id='word_1_51' title='bbox 999 1472 1131 1510; x_wconf 87' lang='lat' dir='ltr'>unacum</span> <span class='ocrx_word' id='word_1_52' title='bbox 1148 1455 1289 1524; x_wconf 83' lang='lat' dir='ltr'>gymnasio</span> 
     </span>
     <span class='ocr_line' id='line_1_6' title="bbox 113 1561 1289 1647; baseline 0.001 -29"><span class='ocrx_word' id='word_1_53' title='bbox 113 1569 222 1633; x_wconf 89' lang='lat' dir='ltr'>praeest</span> <span class='ocrx_word' id='word_1_54' title='bbox 240 1563 370 1618; x_wconf 81' lang='lat' dir='ltr'>Eitner.</span> <span class='ocrx_word' id='word_1_55' title='bbox 407 1562 571 1618; x_wconf 76' lang='lat' dir='ltr'><strong>maturitatis</strong></span> <span class='ocrx_word' id='word_1_56' title='bbox 583 1564 652 1630; x_wconf 88' lang='lat' dir='ltr'>quod</span> <span class='ocrx_word' id='word_1_57' title='bbox 666 1562 763 1647; x_wconf 87' lang='lat' dir='ltr'>dicitur</span> <span class='ocrx_word' id='word_1_58' title='bbox 780 1561 933 1617; x_wconf 87' lang='lat' dir='ltr'>testimonio</span> <span class='ocrx_word' id='word_1_59' title='bbox 952 1563 1100 1617; x_wconf 85' lang='lat' dir='ltr'>instructus</span> <span class='ocrx_word' id='word_1_60' title='bbox 1118 1580 1143 1618; x_wconf 88' lang='lat' dir='ltr'>a.</span> <span class='ocrx_word' id='word_1_61' title='bbox 1163 1563 1289 1619; x_wconf 82' lang='lat' dir='ltr'>LXXXI</span> 
     </span>
    </p>
   </div>
   <div class='ocr_carea' id='block_1_2' title="bbox 113 1669 1288 1757">
    <p class='ocr_par' dir='ltr' id='par_1_2' title="bbox 113 1669 1288 1757">
     <span class='ocr_line' id='line_1_7' title="bbox 113 1669 1288 1757; baseline 0.002 -33"><span class='ocrx_word' id='word_1_62' title='bbox 113 1670 261 1740; x_wconf 84' lang='lat' dir='ltr'>Gryphiam</span> <span class='ocrx_word' id='word_1_63' title='bbox 285 1687 327 1725; x_wconf 92' lang='lat' dir='ltr'>me</span> <span class='ocrx_word' id='word_1_64' title='bbox 354 1670 453 1725; x_wconf 90' lang='lat' dir='ltr'>contuli</span> <span class='ocrx_word' id='word_1_65' title='bbox 476 1669 636 1739; x_wconf 83' lang='lat' dir='ltr'>philologiae</span> <span class='ocrx_word' id='word_1_66' title='bbox 661 1669 802 1724; x_wconf 84' lang='lat' dir='ltr'>recentiori</span> <span class='ocrx_word' id='word_1_67' title='bbox 825 1686 930 1738; x_wconf 83' lang='lat' dir='ltr'>operam</span> <span class='ocrx_word' id='word_1_68' title='bbox 954 1671 1079 1757; x_wconf 53' lang='lat' dir='ltr'>datumst</span> <span class='ocrx_word' id='word_1_69' title='bbox 1103 1670 1148 1725; x_wconf 82' lang='lat' dir='ltr'>sod</span> <span class='ocrx_word' id='word_1_70' title='bbox 1173 1687 1236 1725; x_wconf 85' lang='lat' dir='ltr'>mox</span> <span class='ocrx_word' id='word_1_71' title='bbox 1254 1671 1288 1727; x_wconf 81' lang='lat' dir='ltr'>ad</span> 
     </span>
    </p>
   </div>
   <div class='ocr_carea' id='block_1_3' title="bbox 113 1776 1294 3131">
    <p class='ocr_par' dir='ltr' id='par_1_3' title="bbox 113 1776 1294 3131">
     <span class='ocr_line' id='line_1_8' title="bbox 113 1776 1289 1845; baseline 0.001 -13"><span class='ocrx_word' id='word_1_72' title='bbox 113 1778 249 1832; x_wconf 81' lang='lat' dir='ltr'>classicam</span> <span class='ocrx_word' id='word_1_73' title='bbox 275 1794 318 1831; x_wconf 93' lang='lat' dir='ltr'>me</span> <span class='ocrx_word' id='word_1_74' title='bbox 343 1778 475 1845; x_wconf 81' lang='lat' dir='ltr'>converti3</span> <span class='ocrx_word' id='word_1_75' title='bbox 499 1783 579 1843; x_wconf 88' lang='lat' dir='ltr'>atque</span> <span class='ocrx_word' id='word_1_76' title='bbox 603 1793 715 1831; x_wconf 82' lang='lat' dir='ltr'>examen</span> <span class='ocrx_word' id='word_1_77' title='bbox 737 1776 901 1845; x_wconf 80' lang='lat' dir='ltr'>gymnasiale</span> <span class='ocrx_word' id='word_1_78' title='bbox 923 1778 956 1831; x_wconf 89' lang='lat' dir='ltr'>ad</span> <span class='ocrx_word' id='word_1_79' title='bbox 980 1778 1048 1831; x_wconf 89' lang='lat' dir='ltr'>hanc</span> <span class='ocrx_word' id='word_1_80' title='bbox 1073 1793 1129 1832; x_wconf 86' lang='lat' dir='ltr'>rem</span> <span class='ocrx_word' id='word_1_81' title='bbox 1153 1776 1221 1832; x_wconf 93' lang='lat' dir='ltr'>mihi</span> <span class='ocrx_word' id='word_1_82' title='bbox 1243 1794 1289 1833; x_wconf 84' lang='lat' dir='ltr'>ne·</span> 
     </span>
     <span class='ocr_line' id='line_1_9' title="bbox 113 1883 1289 1950; baseline 0.002 -12"><span class='ocrx_word' id='word_1_83' title='bbox 113 1883 257 1950; x_wconf 83' lang='lat' dir='ltr'>cessarium</span> <span class='ocrx_word' id='word_1_84' title='bbox 286 1899 309 1938; x_wconf 84' lang='lat' dir='ltr'>a.</span> <span class='ocrx_word' id='word_1_85' title='bbox 332 1883 486 1939; x_wconf 87' lang='lat' dir='ltr'>LXXXIV</span> <span class='ocrx_word' id='word_1_86' title='bbox 511 1883 540 1937; x_wconf 92' lang='lat' dir='ltr'>in</span> <span class='ocrx_word' id='word_1_87' title='bbox 568 1884 658 1937; x_wconf 86' lang='lat' dir='ltr'>eadem</span> <span class='ocrx_word' id='word_1_88' title='bbox 685 1883 774 1950; x_wconf 88' lang='lat' dir='ltr'>patria</span> <span class='ocrx_word' id='word_1_89' title='bbox 800 1900 860 1938; x_wconf 87' lang='lat' dir='ltr'>mea</span> <span class='ocrx_word' id='word_1_90' title='bbox 887 1884 1022 1950; x_wconf 88' lang='lat' dir='ltr'>superavi.</span> <span class='ocrx_word' id='word_1_91' title='bbox 1070 1885 1219 1939; x_wconf 79' lang='lat' dir='ltr'>docuerunt</span> <span class='ocrx_word' id='word_1_92' title='bbox 1247 1900 1289 1941; x_wconf 90' lang='lat' dir='ltr'>me</span> 
     </span>
     <span class='ocr_line' id='line_1_10' title="bbox 116 1990 1289 2060; baseline 0.003 -16"><span class='ocrx_word' id='word_1_93' title='bbox 116 1990 252 2060; x_wconf 87' lang='lat' dir='ltr'>Gryphiae</span> <span class='ocrx_word' id='word_1_94' title='bbox 282 2005 327 2044; x_wconf 87' lang='lat' dir='ltr'>vv.</span> <span class='ocrx_word' id='word_1_95' title='bbox 355 1990 398 2044; x_wconf 83' lang='lat' dir='ltr'>do.</span> <span class='ocrx_word' id='word_1_96' title='bbox 424 1990 575 2044; x_wconf 91' lang='lat' dir='ltr'>Behrens</span> <span class='ocrx_word' id='word_1_97' title='bbox 601 1990 726 2045; x_wconf 88' lang='lat' dir='ltr'>Kaibel</span> <span class='ocrx_word' id='word_1_98' title='bbox 749 1990 927 2059; x_wconf 85' lang='lat' dir='ltr'>Kiessling</span> <span class='ocrx_word' id='word_1_99' title='bbox 948 1991 1150 2046; x_wconf 81' lang='lat' dir='ltr'>Koechwitz</span> <span class='ocrx_word' id='word_1_100' title='bbox 1173 1993 1289 2047; x_wconf 82' lang='lat' dir='ltr'>Maass</span> 
     </span>
     <span class='ocr_line' id='line_1_11' title="bbox 114 2097 1289 2166; baseline 0.002 -14"><span class='ocrx_word' id='word_1_101' title='bbox 114 2097 1289 2166; x_wconf 78' lang='lat' dir='ltr'>PreunersohuppeSeecksnsemihlooWilamowitz-Moollendorff,</span> 
     </span>
     <span class='ocr_line' id='line_1_12' title="bbox 115 2204 1288 2276; baseline 0.004 -17"><span class='ocrx_word' id='word_1_102' title='bbox 115 2220 192 2271; x_wconf 87' lang='lat' dir='ltr'>quem</span> <span class='ocrx_word' id='word_1_103' title='bbox 220 2204 326 2270; x_wconf 87' lang='lat' dir='ltr'>quidem</span> <span class='ocrx_word' id='word_1_104' title='bbox 353 2204 440 2259; x_wconf 88' lang='lat' dir='ltr'>virum</span> <span class='ocrx_word' id='word_1_105' title='bbox 466 2210 494 2259; x_wconf 91' lang='lat' dir='ltr'>et</span> <span class='ocrx_word' id='word_1_106' title='bbox 520 2205 617 2260; x_wconf 86' lang='lat' dir='ltr'>vidisse</span> <span class='ocrx_word' id='word_1_107' title='bbox 645 2211 672 2259; x_wconf 89' lang='lat' dir='ltr'>et</span> <span class='ocrx_word' id='word_1_108' title='bbox 699 2205 832 2260; x_wconf 83' lang='lat' dir='ltr'>audiuisse</span> <span class='ocrx_word' id='word_1_109' title='bbox 856 2221 958 2273; x_wconf 86' lang='lat' dir='ltr'>sempor</span> <span class='ocrx_word' id='word_1_110' title='bbox 975 2207 1047 2261; x_wconf 87' lang='lat' dir='ltr'>lucro</span> <span class='ocrx_word' id='word_1_111' title='bbox 1066 2206 1131 2260; x_wconf 87' lang='lat' dir='ltr'>mihi</span> <span class='ocrx_word' id='word_1_112' title='bbox 1149 2208 1288 2276; x_wconf 76' lang='lat' dir='ltr'>adponam.</span> 
     </span>
     <span class='ocr_line' id='line_1_13' title="bbox 115 2311 1291 2381; baseline 0.003 -16"><span class='ocrx_word' id='word_1_113' title='bbox 115 2311 294 2381; x_wconf 85' lang='lat' dir='ltr'>Kiessling</span> <span class='ocrx_word' id='word_1_114' title='bbox 334 2313 459 2367; x_wconf 88' lang='lat' dir='ltr'>Kaihel</span> <span class='ocrx_word' id='word_1_115' title='bbox 498 2315 608 2367; x_wconf 79' lang='lat' dir='ltr'>Massa</span> <span class='ocrx_word' id='word_1_116' title='bbox 643 2312 756 2381; x_wconf 85' lang='lat' dir='ltr'>benigne</span> <span class='ocrx_word' id='word_1_117' title='bbox 791 2313 855 2367; x_wconf 93' lang='lat' dir='ltr'>mihi</span> <span class='ocrx_word' id='word_1_118' title='bbox 888 2317 1074 2368; x_wconf 85' lang='lat' dir='ltr'>concesserunt</span> <span class='ocrx_word' id='word_1_119' title='bbox 1100 2320 1131 2369; x_wconf 91' lang='lat' dir='ltr'>ut</span> <span class='ocrx_word' id='word_1_120' title='bbox 1156 2315 1291 2370; x_wconf 85' lang='lat' dir='ltr'>seminarii</span> 
     </span>
     <span class='ocr_line' id='line_1_14' title="bbox 116 2419 1291 2491; baseline 0.004 -19"><span class='ocrx_word' id='word_1_121' title='bbox 116 2419 269 2488; x_wconf 84' lang='lat' dir='ltr'>philologici</span> <span class='ocrx_word' id='word_1_122' title='bbox 281 2419 378 2474; x_wconf 85' lang='lat' dir='ltr'>sodalis</span> <span class='ocrx_word' id='word_1_123' title='bbox 397 2436 481 2475; x_wconf 87' lang='lat' dir='ltr'>essem</span> <span class='ocrx_word' id='word_1_124' title='bbox 501 2420 725 2476; x_wconf 85' lang='lat' dir='ltr'>extraordinarius</span> <span class='ocrx_word' id='word_1_125' title='bbox 743 2437 791 2488; x_wconf 90' lang='lat' dir='ltr'>per</span> <span class='ocrx_word' id='word_1_126' title='bbox 808 2438 855 2475; x_wconf 87' lang='lat' dir='ltr'>sex</span> <span class='ocrx_word' id='word_1_127' title='bbox 872 2437 985 2488; x_wconf 88' lang='lat' dir='ltr'>menses,</span> <span class='ocrx_word' id='word_1_128' title='bbox 1006 2422 1153 2478; x_wconf 87' lang='lat' dir='ltr'>ordinarius</span> <span class='ocrx_word' id='word_1_129' title='bbox 1172 2439 1220 2491; x_wconf 89' lang='lat' dir='ltr'>per</span> <span class='ocrx_word' id='word_1_130' title='bbox 1237 2423 1291 2479; x_wconf 86' lang='lat' dir='ltr'>tria</span> 
     </span>
     <span class='ocr_line' id='line_1_15' title="bbox 117 2526 1291 2595; baseline 0.003 -14"><span class='ocrx_word' id='word_1_131' title='bbox 117 2526 261 2590; x_wconf 76' lang='lat' dir='ltr'>semestris,</span> <span class='ocrx_word' id='word_1_132' title='bbox 286 2543 335 2594; x_wconf 86' lang='lat' dir='ltr'>per</span> <span class='ocrx_word' id='word_1_133' title='bbox 359 2527 411 2580; x_wconf 86' lang='lat' dir='ltr'>duo</span> <span class='ocrx_word' id='word_1_134' title='bbox 437 2527 539 2595; x_wconf 81' lang='lat' dir='ltr'>senior3</span> <span class='ocrx_word' id='word_1_135' title='bbox 562 2542 646 2594; x_wconf 91' lang='lat' dir='ltr'>nuper</span> <span class='ocrx_word' id='word_1_136' title='bbox 670 2527 698 2581; x_wconf 91' lang='lat' dir='ltr'>in</span> <span class='ocrx_word' id='word_1_137' title='bbox 723 2528 890 2582; x_wconf 86' lang='lat' dir='ltr'>seminarium</span> <span class='ocrx_word' id='word_1_138' title='bbox 915 2544 1070 2584; x_wconf 86' lang='lat' dir='ltr'>romanense</span> <span class='ocrx_word' id='word_1_139' title='bbox 1095 2529 1224 2585; x_wconf 86' lang='lat' dir='ltr'>benevole</span> <span class='ocrx_word' id='word_1_140' title='bbox 1248 2547 1291 2585; x_wconf 89' lang='lat' dir='ltr'>me</span> 
     </span>
     <span class='ocr_line' id='line_1_16' title="bbox 115 2633 1292 2702; baseline 0.004 -15"><span class='ocrx_word' id='word_1_141' title='bbox 115 2634 217 2701; x_wconf 89' lang='lat' dir='ltr'>recepit</span> <span class='ocrx_word' id='word_1_142' title='bbox 242 2633 455 2690; x_wconf 83' lang='lat' dir='ltr'>Koschwitz.</span> <span class='ocrx_word' id='word_1_143' title='bbox 503 2639 642 2702; x_wconf 88' lang='lat' dir='ltr'>practerea</span> <span class='ocrx_word' id='word_1_144' title='bbox 667 2633 776 2689; x_wconf 84' lang='lat' dir='ltr'>interfui</span> <span class='ocrx_word' id='word_1_145' title='bbox 806 2635 1039 2691; x_wconf 82' lang='lat' dir='ltr'>exercitationibus</span> <span class='ocrx_word' id='word_1_146' title='bbox 1066 2636 1248 2692; x_wconf 86' lang='lat' dir='ltr'>Aristotelicis</span> <span class='ocrx_word' id='word_1_147' title='bbox 1275 2655 1292 2693; x_wconf 86' lang='lat' dir='ltr'>a</span> 
     </span>
     <span class='ocr_line' id='line_1_17' title="bbox 117 2740 1291 2811; baseline 0.003 -16"><span class='ocrx_word' id='word_1_148' title='bbox 117 2740 341 2805; x_wconf 86' lang='lat' dir='ltr'>Susemihlio,</span> <span class='ocrx_word' id='word_1_149' title='bbox 368 2741 557 2809; x_wconf 86' lang='lat' dir='ltr'>philosophicis</span> <span class='ocrx_word' id='word_1_150' title='bbox 585 2758 601 2795; x_wconf 84' lang='lat' dir='ltr'>a</span> <span class='ocrx_word' id='word_1_151' title='bbox 632 2742 812 2811; x_wconf 88' lang='lat' dir='ltr'>Schuppio‚</span> <span class='ocrx_word' id='word_1_152' title='bbox 841 2743 1046 2811; x_wconf 82' lang='lat' dir='ltr'>archaeologicis</span> <span class='ocrx_word' id='word_1_153' title='bbox 1071 2761 1087 2799; x_wconf 91' lang='lat' dir='ltr'>a</span> <span class='ocrx_word' id='word_1_154' title='bbox 1108 2744 1291 2810; x_wconf 86' lang='lat' dir='ltr'>Preunero,</span> 
     </span>
     <span class='ocr_line' id='line_1_18' title="bbox 116 2846 1293 2917; baseline 0.006 -17"><span class='ocrx_word' id='word_1_155' title='bbox 116 2846 249 2902; x_wconf 87' lang='lat' dir='ltr'>historicis</span> <span class='ocrx_word' id='word_1_156' title='bbox 267 2865 284 2902; x_wconf 88' lang='lat' dir='ltr'>a</span> <span class='ocrx_word' id='word_1_157' title='bbox 302 2848 456 2914; x_wconf 84' lang='lat' dir='ltr'>Seeckio‚</span> <span class='ocrx_word' id='word_1_158' title='bbox 476 2849 675 2904; x_wconf 86' lang='lat' dir='ltr'>romanensibus</span> <span class='ocrx_word' id='word_1_159' title='bbox 695 2866 711 2903; x_wconf 88' lang='lat' dir='ltr'>a</span> <span class='ocrx_word' id='word_1_160' title='bbox 730 2850 917 2905; x_wconf 87' lang='lat' dir='ltr'>Behrensio</span> <span class='ocrx_word' id='word_1_161' title='bbox 944 2851 1084 2906; x_wconf 89' lang='lat' dir='ltr'>institutis.</span> <span class='ocrx_word' id='word_1_162' title='bbox 1129 2867 1197 2917; x_wconf 90' lang='lat' dir='ltr'>quos</span> <span class='ocrx_word' id='word_1_163' title='bbox 1220 2851 1293 2907; x_wconf 81' lang='lat' dir='ltr'>uiros</span> 
     </span>
     <span class='ocr_line' id='line_1_19' title="bbox 118 2954 1294 3025; baseline 0.006 -18"><span class='ocrx_word' id='word_1_164' title='bbox 118 2970 209 3009; x_wconf 93' lang='lat' dir='ltr'>omnes</span> <span class='ocrx_word' id='word_1_165' title='bbox 229 2954 327 3022; x_wconf 90' lang='lat' dir='ltr'>optime</span> <span class='ocrx_word' id='word_1_166' title='bbox 347 2956 379 3009; x_wconf 88' lang='lat' dir='ltr'>de</span> <span class='ocrx_word' id='word_1_167' title='bbox 402 2972 444 3010; x_wconf 89' lang='lat' dir='ltr'>me</span> <span class='ocrx_word' id='word_1_168' title='bbox 461 2957 569 3011; x_wconf 89' lang='lat' dir='ltr'>meritos</span> <span class='ocrx_word' id='word_1_169' title='bbox 587 2963 665 3024; x_wconf 87' lang='lat' dir='ltr'>grato</span> <span class='ocrx_word' id='word_1_170' title='bbox 690 2973 793 3025; x_wconf 90' lang='lat' dir='ltr'>semper</span> <span class='ocrx_word' id='word_1_171' title='bbox 810 2957 897 3012; x_wconf 82' lang='lat' dir='ltr'>aalma</span> <span class='ocrx_word' id='word_1_172' title='bbox 916 2974 1064 3024; x_wconf 75' lang='lat' dir='ltr'>prosequar,</span> <span class='ocrx_word' id='word_1_173' title='bbox 1084 2958 1213 3025; x_wconf 89' lang='lat' dir='ltr'>imprimis</span> <span class='ocrx_word' id='word_1_174' title='bbox 1232 2971 1294 3014; x_wconf 82' lang='lat' dir='ltr'>vero</span> 
     </span>
     <span class='ocr_line' id='line_1_20' title="bbox 117 3059 1294 3131; baseline 0.006 -17"><span class='ocrx_word' id='word_1_175' title='bbox 117 3059 385 3129; x_wconf 83' lang='lat' dir='ltr'>Kiesslingium,</span> <span class='ocrx_word' id='word_1_176' title='bbox 417 3061 461 3127; x_wconf 89' lang='lat' dir='ltr'>qui</span> <span class='ocrx_word' id='word_1_177' title='bbox 493 3067 524 3116; x_wconf 90' lang='lat' dir='ltr'>ut</span> <span class='ocrx_word' id='word_1_178' title='bbox 547 3062 631 3129; x_wconf 90' lang='lat' dir='ltr'>primo</span> <span class='ocrx_word' id='word_1_179' title='bbox 655 3063 772 3131; x_wconf 85' lang='lat' dir='ltr'>vestigia</span> <span class='ocrx_word' id='word_1_180' title='bbox 795 3080 855 3118; x_wconf 85' lang='lat' dir='ltr'>mea</span> <span class='ocrx_word' id='word_1_181' title='bbox 878 3064 1024 3119; x_wconf 84' lang='lat' dir='ltr'>titubantia</span> <span class='ocrx_word' id='word_1_182' title='bbox 1045 3066 1079 3118; x_wconf 83' lang='lat' dir='ltr'>ad</span> <span class='ocrx_word' id='word_1_183' title='bbox 1103 3065 1294 3121; x_wconf 86' lang='lat' dir='ltr'>humantitstis</span> 
     </span>
    </p>
   </div>
   <div class='ocr_carea' id='block_1_4' title="bbox 118 3167 1295 3343">
    <p class='ocr_par' dir='ltr' id='par_1_4' title="bbox 118 3167 1295 3343">
     <span class='ocr_line' id='line_1_21' title="bbox 118 3167 1295 3237; baseline 0.007 -16"><span class='ocrx_word' id='word_1_184' title='bbox 118 3167 207 3222; x_wconf 83' lang='lat' dir='ltr'>studia</span> <span class='ocrx_word' id='word_1_185' title='bbox 231 3167 328 3222; x_wconf 84' lang='lat' dir='ltr'>direxit</span> <span class='ocrx_word' id='word_1_186' title='bbox 352 3167 392 3222; x_wconf 92' lang='lat' dir='ltr'>ita</span> <span class='ocrx_word' id='word_1_187' title='bbox 414 3173 508 3236; x_wconf 85' lang='lat' dir='ltr'>postea</span> <span class='ocrx_word' id='word_1_188' title='bbox 531 3169 658 3237; x_wconf 82' lang='lat' dir='ltr'>siugulari</span> <span class='ocrx_word' id='word_1_189' title='bbox 682 3186 735 3237; x_wconf 88' lang='lat' dir='ltr'>qua</span> <span class='ocrx_word' id='word_1_190' title='bbox 758 3176 800 3225; x_wconf 89' lang='lat' dir='ltr'>est</span> <span class='ocrx_word' id='word_1_191' title='bbox 822 3171 1005 3226; x_wconf 85' lang='lat' dir='ltr'>benevolentia</span> <span class='ocrx_word' id='word_1_192' title='bbox 1022 3172 1149 3228; x_wconf 85' lang='lat' dir='ltr'>adiuvare</span> <span class='ocrx_word' id='word_1_193' title='bbox 1167 3189 1210 3228; x_wconf 90' lang='lat' dir='ltr'>me</span> <span class='ocrx_word' id='word_1_194' title='bbox 1228 3189 1295 3229; x_wconf 90' lang='lat' dir='ltr'>nun·</span> 
     </span>
     <span class='ocr_line' id='line_1_22' title="bbox 119 3275 306 3343; baseline -0.005 -14"><span class='ocrx_word' id='word_1_195' title='bbox 119 3291 198 3343; x_wconf 89' lang='lat' dir='ltr'>quam</span> <span class='ocrx_word' id='word_1_196' title='bbox 217 3275 306 3331; x_wconf 84' lang='lat' dir='ltr'>desiit.</span> 
     </span>
    </p>
   </div>
   <div class='ocr_carea' id='block_1_5' title="bbox 0 0 1430 4764">
    <p class='ocr_par' dir='ltr' id='par_1_5' title="bbox 0 0 1430 4764">
     <span class='ocr_line' id='line_1_23' title="bbox 0 0 1430 4764; baseline 0 0"><span class='ocrx_word' id='word_1_197' title='bbox 0 0 1430 4764; x_wconf 95' lang='lat' dir='ltr'> </span> 
     </span>
    </p>
   </div>
  </div>
 </body>
</html>
