2820 4764
689 254 729 314 30
777 342 785 346 ,⁴

129 458 347 524 vindicaveris
385 461 562 525 arbitratus
593 461 621 525 si
652 460 692 526 (16
722 461 825 527 morbi
850 453 1061 542 praenuntiis
1093 461 1143 545 (2)
1174 467 1306 542 agatur,

112 555 183 647 ’6ςὶ
198 566 260 630 iam
279 567 318 630 de
342 586 380 631 eo
403 568 568 647 quomodo,
595 568 623 632 si
649 569 681 632 in
704 568 755 633 ira
778 587 896 649 sumus,
922 569 963 631 ab
987 587 1025 631 ea
1050 586 1107 632 nos
1130 568 1309 632 liberemus

127 681 162 737 et
177 672 273 737 irasci
292 675 485 739 desinamus,
533 675 672 740 fortasse
689 676 786 740 etiam
803 675 832 740 si
856 675 1089 740 conclusionem
1114 677 1198 741 hanc
1220 676 1310 757 legis

130 775 163 862 (ξ
197 779 244 862 4);
277 782 355 845 scire
388 783 494 864 linque
527 787 645 864 oporiet
677 784 755 865 perid
788 783 826 848 iu
860 787 886 846 le
918 782 1107 847 imbecillum
1138 783 1181 846 sil
1208 786 1248 846 eci
1273 783 1310 846 id

128 887 267 952 maxime
277 892 424 973 protepus
455 889 512 952 illa
528 889 635 954 omnia
651 908 708 969 pro
725 888 907 970 praeceptis
923 908 1010 953 mere
1038 889 1307 970 prophylacciois,

133 1002 169 1057 ut
184 995 245 1058 hoc
261 996 360 1060 verbo
377 1004 459 1075 utar,
477 996 612 1061 habebis
628 1003 662 1061 61
684 997 726 1062 ad
750 995 882 1075 primam
908 1002 1033 1076 partem
1058 995 1310 1076 pertinentibus.

130 1099 240 1181 itaque
273 1103 353 1167 haec
385 1102 415 1166 in
450 1103 554 1167 medio
587 1103 769 1185 relinquere
802 1109 948 1183 praestat
980 1121 1061 1182 quae
1096 1121 1136 1165 an
1167 1102 1313 1182 scriptor

129 1215 281 1272 accurate
306 1210 504 1292 distinguere
529 1211 668 1275 noluerit
691 1210 859 1275 nescimus.

221 1316 279 1380 sed
309 1323 381 1381 utut
408 1318 467 1381 1166
491 1323 541 1382 661
565 1316 649 1401 (1616
671 1318 753 1382 enim
779 1317 923 1398 quaestio
947 1317 999 1381 hic
1023 1306 1228 1399 leviuscula),
1252 1336 1312 1381 ex·
1357 1330 1361 1336 ·

109 1458 111 1463 ⁷
130 1420 210 1500 cipit
233 1440 303 1503 cap.
328 1431 367 1489 14
384 1424 512 1506 longam
529 1423 644 1489 seriem
663 1425 879 1504 exemplorum
896 1430 1053 1490 eteorum
1070 1442 1152 1504 quae
1170 1423 1313 1489 vitanda

129 1527 197 1592 sint
219 1525 332 1611 (usque
357 1531 398 1595 ad
422 1529 479 1612 21)
503 1538 667 1596 eteorum
692 1550 773 1611 quae
797 1530 954 1596 imitanda
978 1536 1035 1604 (-
1061 1530 1127 1614 23).
1222 1612 1228 1625 Ι

222 1654 324 1716 aeque
352 1637 502 1718 deinceps
525 1638 579 1703 filo
604 1646 757 1720 perpetuo
782 1639 866 1703 aliae
890 1638 1092 1703 deducuntur
1116 1637 1313 1703 monitiones

134 1740 177 1805 ad
203 1740 285 1807 iram
309 1744 555 1824 reprimendam,
581 1745 671 1810 velut
694 1745 831 1809 nobilius
855 1764 926 1809 esse
950 1745 1031 1809 iram
1057 1744 1188 1809 vincere
1213 1752 1312 1824 quam

134 1848 175 1911 ab
210 1867 250 1914 66
277 1849 383 1930 abripi
412 1849 498 1933 (25),
528 1850 629 1915 satius
658 1869 729 1916 esse
758 1851 908 1916 iniuriam
936 1870 1053 1917 serrare
1077 1869 1170 1931 quam
1196 1851 1315 1916 ulcisci

132 1952 263 2040 (661),
293 1955 388 2022 facile
416 1957 510 2023 initia
538 1957 678 2039 perspici
710 1976 804 2038 quam
834 1957 920 2023 levia
947 1958 1022 2039 siut,
1053 1975 1145 2037 quam
1178 1957 1314 2023 innoxia

135 2059 221 2146 (30),
251 2063 526 2143 importunitatem
562 2064 703 2129 invidias
737 2065 884 2144 querelas
925 2065 1079 2144 tollenda,
1121 2063 1313 2130 firmitatem

133 2171 350 2250 appetendam
375 2189 447 2237 esse
470 2170 599 2255 (-38).
625 2206 666 2216 —

224 2277 264 2341 de
294 2284 385 2358 parte
408 2278 521 2342 ultima
544 2278 681 2359 quinque
706 2281 829 2342 tantum
853 2277 962 2357 capita
985 2295 1155 2358 superesse
1178 2284 1312 2342 constat

112 2388 232 2463 atque
259 2383 344 2448 inter
372 2385 474 2450 verba
503 2403 573 2465 cap.
603 2391 704 2466 41,1:
736 2385 803 2451 uisi
826 2386 933 2449 moires
955 2383 1081 2465 aliquid
1104 2385 1253 2449 6611161111
1277 2392 1313 2450 et

59 2512 63 2518 ·
137 2487 190 2572 (2)
214 2511 325 2572 pacem
358 2493 466 2556 116666
496 2493 616 2574 anieno,
648 2496 685 2556 ut
712 2491 870 2572 Lipsius
894 2491 1015 2573 primus
1039 2490 1208 2571 intellexit,
1234 2508 1314 2576 sen-

137 2584 553 2663 tentiamintolerabiliter
582 2598 684 2663 hiare.
699 2596 731 2682 *)
783 2616 855 2663 nam
883 2597 959 2662 iude
987 2605 1118 2678 a42,2
1142 2596 1222 2662 nihil
1246 2597 1316 2664 iam

137 2702 178 2768 dc
206 2721 243 2768 eo
274 2706 428 2785 quomodo
460 2705 597 2769 alienam
628 2706 709 2771 iram
732 2705 889 2770 leniamus
914 2705 1092 2786 exponitur,
1118 2704 1175 2770 sed
1199 2723 1317 2770 rursus

136 2812 291 2888 quomodo
314 2812 376 2894 ipsi
399 2813 470 2878 sani
493 2813 606 2878 simus:
642 2813 849 2878 admonemur
871 2820 907 2877 ut
930 2831 1043 2893 pacem
1064 2812 1176 2877 demus
1192 2812 1316 2895 animo,

137 2921 175 2980 ut
196 2935 364 2984 careamus
386 2920 447 2984 hoc
470 2919 554 2984 malo
577 2969 585 2984 .
612 2968 619 2982 .
645 2969 653 2984 .
681 2968 688 2984 .
712 2938 813 2999 neque
837 2919 919 2983 iram
942 2924 1170 3000 temperemus,
1194 2918 1257 2984 sed
1273 2938 1319 2985 ex

140 3029 207 3088 1616
240 3044 462 3092 removeamus
491 3024 564 3109 (42)
593 3061 637 3073 -
664 3025 781 3106 quippe
810 3044 892 3106 quae
922 3025 1001 3090 nihil
1031 3024 1194 3109 utile(!)
1218 3024 1255 3090 in
1279 3045 1319 3092 se

138 3130 259 3196 babeat
286 3131 359 3214 (41)
388 3168 440 3215 -,
469 3132 668 3213 potissimum
697 3132 894 3214 cogitatione
922 3132 1130 3197 mortalitatis
1159 3135 1219 3213 1-
1244 3131 1319 3216 43).

138 3237 210 3302 sine
239 3238 333 3304 dubio
361 3239 437 3303 inde
465 3259 485 3302 a
513 3245 600 3319 41,2
629 3239 662 3303 in
686 3239 886 3304 conclusione
911 3239 1009 3303 totius
1033 3238 1320 3305 commentationis

139 3361 323 3410 versamur:
359 3353 434 3410 ante
458 3364 552 3426 quam
576 3345 708 3426 Lipsius
731 3363 787 3411 suo
811 3347 881 3411 iure
903 3346 1051 3411 lacunam
1074 3344 1199 3411 statuit.

687 3555 772 3638 111.

230 3720 477 3787 Percensuimus
508 3723 566 3786 hos
594 3730 661 3787 tres
688 3722 788 3787 libros
817 3728 913 3801 atque
936 3740 1051 3786 nexum
1080 3719 1323 3786 sententiarum

141 3827 176 3892 in
206 3827 311 3892 611616
341 3828 479 3893 1661111116
509 3829 591 3893 111116
620 3829 840 3909 perturbatum
871 3848 944 3894 esse
967 3828 1115 3909 vidimus,
1140 3826 1172 3890 in
1197 3829 1323 3892 ceteris

142 3952 204 4000 nou
236 3935 324 4000 item.
380 3934 489 4017 itaque
524 3955 593 4000 cum
624 3936 658 4001 in
689 3936 794 4001 medio
822 3937 882 4001 hoo
913 3955 1010 4016 opere
1034 3936 1075 4000 de
1098 3935 1158 4013 ira,
1182 3933 1204 3998 i.
1231 3953 1260 3999 6.
1287 3934 1323 3999 111

142 4041 225 4107 111116
260 4043 374 4124 altero,
408 4043 510 4108 multa
545 4042 636 4107 nobis
669 4048 849 4126 occurrant,
882 4062 964 4124 quae
987 4042 1099 4108 mutila
1123 4044 1207 4123 sunt,
1234 4059 1324 4122 quae

143 4147 266 4233 luxata,
294 4168 376 4231 quae
404 4151 486 4217 adeo
513 4169 576 4215 non
603 4150 689 4216 inter
716 4168 751 4216 se
776 4152 951 4216 cohaerent
973 4155 1010 4214 ut
1033 4153 1147 4230 aperte
1170 4148 1258 4212 inter
1285 4167 1323 4214 se

250 4322 277 4394 *)
296 4326 359 4381 licet
377 4328 471 4383 editori
490 4327 632 4394 novissimo
650 4344 702 4383 non
721 4328 761 4383 116
778 4327 909 4383 videatur.
