2820 4764
651 267 692 326 29

74 479 191 542 tionem
216 495 305 541 suam
329 476 502 540 instituens
520 476 644 541 Seneca
667 475 807 556 repetita
827 474 897 539 irae
919 473 1148 554 descriptione,
1165 493 1255 564 repa

74 585 142 649 titis
172 602 255 664 quae
287 583 405 647 totiens
441 589 538 647 antea
568 580 742 647 Aristoteli
778 582 967 646 obverterat
1004 582 1044 646 de
1075 581 1145 646 irae
1174 600 1256 661 quae
1296 663 1299 666 ἦ

73 693 201 757 dicatur
228 690 372 754 utilitate
402 707 428 753 c.
456 697 518 769 5,2
557 687 752 768 tripertitam
781 687 870 751 illam
898 687 1141 767 dispositionem
1163 706 1258 769 argu-

74 799 174 864 menti
203 797 337 877 profert.
394 795 482 861 onius
513 794 648 876 primam
679 802 802 875 partem
837 793 902 875 (sed
935 788 1008 860 cam
1038 795 1184 876 primam
1216 796 1259 859 sit
1331 798 1333 802 '

75 925 155 970 moa
177 903 299 968 irasci
323 952 330 967 .
356 951 362 966 .
389 903 412 983 .)
445 902 531 966 clare
563 902 775 982 distincteque
807 901 1011 981 persequitur
1042 896 1150 966 statim
1182 901 1257 966 inde

77 1032 97 1076 a
122 1019 151 1091 5,
165 1019 199 1077 3:
224 1031 265 1074 me
287 1010 468 1074 irascamur·
490 1008 735 1090 praesta-bimas,
765 1009 795 1073 si
825 1009 935 1072 ommia
963 1008 1044 1072 nitio
1071 1008 1141 1073 irae
1168 1009 1258 1074 aedis

74 1119 208 1183 sribiade
227 1119 510 1199 proposuerimus.
526 1165 532 1178 .
549 1136 579 1195 .,·
602 1115 732 1180 tertiam
749 1115 888 1197 (alienae
903 1137 1027 1197 qaoqae
1044 1115 1113 1180 irae
1128 1115 1258 1196 medem)

77 1225 207 1290 disertis
243 1222 351 1289 verbis
390 1222 465 1287 inde
500 1241 613 1302 acap.
639 1230 695 1288 39:
728 1222 860 1306 coatipit
889 1223 958 1286 iam
990 1222 1092 1303 nobis,
1126 1222 1257 1301 Novate,

78 1332 153 1398 berre
174 1350 357 1413 componere
379 1330 544 1394 amimam:
572 1333 643 1393 aat
669 1348 748 1394 mere
770 1329 888 1394 sentit
911 1329 1162 1394 iracundiam
1189 1333 1259 1393 nat

59 1438 252 1522 capacior
274 1442 341 1503 est:
364 1438 527 1502 rideamne
544 1437 724 1518 quomodo
748 1435 917 1501 alienam
933 1437 1032 1500 iram
1049 1435 1257 1502 leniamus:

77 1567 133 1612 meo
156 1546 242 1611 emim
264 1544 341 1611 sami
363 1565 424 1609 esse
448 1547 575 1609 tamtam
597 1542 752 1623 iniremus,
776 1544 829 1608 sed
850 1563 977 1608 camare.
1027 1543 1152 1609 initium
1177 1544 1257 1610 alte·

79 1652 145 1717 rius
180 1650 283 1733 partis
318 1655 468 1716 accurate
504 1649 689 1715 distinctum
724 1649 1003 1731 (quemadmodum
1035 1671 1094 1716 aas
1128 1652 1167 1716 ab
1206 1652 1259 1716 ira

81 1758 259 1840 liberemus)
282 1758 490 1838 nequicquam
515 1775 662 1836 quaeres.
709 1774 768 1821 nec
796 1757 935 1822 tortasse
963 1758 1023 1823 hoc
1051 1758 1099 1823 ita
1130 1758 1257 1825 mirum:

80 1884 151 1930 nam
176 1865 247 1931 sive
271 1885 401 1946 operam
426 1865 484 1930 des
508 1883 548 1929 ne
572 1863 697 1929 omnino
728 1864 762 1928 in
789 1863 870 1928 iram
901 1863 1026 1930 incidas
1057 1865 1126 1931 sive
1156 1870 1193 1931 ut
1225 1871 1259 1931 te

80 1990 215 2039 revoces
241 1973 305 2036 iam
329 1972 457 2052 iratum,
483 1972 595 2036 eadem
620 1970 689 2036 fere
714 1971 920 2036 observanda
943 1972 1002 2036 tibi
1025 1976 1110 2038 sunt.
1156 1973 1258 2038 Ruh-

81 2079 215 2160 kopfio
240 2079 366 2158 quidem
395 2079 501 2142 altera
529 2096 604 2158 pars
633 2098 649 2142 a
679 2085 729 2159 12,
744 2084 779 2142 2:
814 2077 954 2160 (etiqaid
987 2083 1073 2145 aetus
1102 2080 1261 2161 pecccatis

78 2186 167 2269 facit,
192 2185 319 2267 atiqoid
340 2185 478 2268 feriatae
502 2234 509 2249 .
535 2233 542 2250 .
569 2185 599 2269 .)
627 2185 771 2264 incipere
798 2184 979 2252 videbatur.
1031 2190 1127 2266 atque
1155 2205 1258 2266 qnan-

79 2311 174 2373 qnam
205 2293 443 2374 paragraphum
479 2293 526 2357 sio
556 2311 702 2374 premere
737 2291 842 2374 nolim,
879 2294 981 2358 verba
1009 2290 1044 2378 (ξ
1068 2293 1122 2376 4);
1169 2294 1260 2375 atqui

81 2401 261 2465 mammam
284 2399 456 2465 remedium
480 2401 549 2463 irae
572 2399 685 2464 ditatio
707 2403 752 2463 est
774 2402 811 2463 at
830 2400 959 2482 primas
987 2401 1056 2466 eins
1082 2399 1190 2482 fervor
1212 2422 1259 2466 re·

82 2505 264 2593 taapaescat
288 2556 295 2573 .
322 2559 328 2572 .
355 2557 362 2572 .
388 2507 429 2571 ad
454 2512 579 2587 partem
608 2507 744 2572 alteram
772 2505 843 2572 sine
871 2507 966 2572 dubio
995 2512 1154 2588 spectant,
1182 2507 1260 2574 item
1305 2518 1308 2523 '
1384 2504 1386 2509 ’

82 2614 228 2679 Platonis
252 2615 430 2694 exemplum
455 2632 475 2676 a
498 2632 533 2678 se
556 2613 626 2693 ipso
654 2631 775 2693 poenas
803 2612 873 2677 irae
902 2613 1062 2695 exigentis
1091 2612 1157 2698 (5),
1182 2614 1260 2680 item

84 2720 243 2785 Socratis:
269 2739 294 2784 c.
318 2727 371 2785 13:
396 2721 435 2784 ire
450 2719 575 2784 Socrate
597 2721 667 2783 irae
688 2719 817 2803 sipmam
844 2723 914 2784 erat
935 2741 1036 2785 nocem
1058 2722 1260 2802 summittere,

86 2825 174 2908 ioqui
181 2826 325 2908 parcius.
350 2825 524 2909 apparebat
539 2829 616 2890 tanc
630 2824 725 2889 itiam
740 2825 802 2890 sibi
817 2826 958 2892 obstare.
974 2877 981 2891 .
996 2826 1137 2912 .*)atqne
1153 2846 1263 2893 rursus

86 2937 183 3014 caput
198 2933 394 2999 antecedens
410 2932 452 2996 ad
468 2931 601 3012 primam
619 2935 742 3013 partem
757 2932 897 3013 pertinet
912 2933 1031 3016 quippe
1043 2935 1132 3000 cuins
1146 2935 1262 3016 princi-

86 3040 187 3121 pium:
235 3060 304 3106 aaa
319 3040 445 3122 expedit
468 3041 578 3106 omnio
601 3040 719 3122 cidere,
745 3040 856 3106 omnia
878 3041 1017 3107 andire.
1037 3091 1071 3108 ..
1102 3042 1264 3123 conspiret

87 3165 156 3212 cnm
179 3146 220 3212 iis
243 3167 325 3228 quae
348 3147 424 3213 inde
448 3166 468 3213 a
492 3165 583 3228 capp.
610 3152 696 3212 6-9
721 3148 892 3213 secundum
910 3149 1130 3214 Democritum
1151 3155 1264 3215 contra

87 3250 400 3338 πολυπραγμοσύνην
430 3254 595 3333 disputata
625 3260 731 3319 erant:
759 3255 806 3336 (6,
825 3251 860 3338 3)
887 3256 1034 3337 proderit
1060 3256 1161 3338 mobis*
1179 3256 1264 3322 iliad

71 3358 261 3433 ¹Democriti
283 3358 425 3424 salatare
444 3365 645 3444 praereptam
669 3381 731 3441 qao
755 3365 955 3426 monstrator
978 3363 1210 3445 tranquillitas,
1234 3363 1264 3429 si

86 3487 187 3547 meqae
197 3466 355 3548 priuatim
372 3486 475 3548 neque
493 3466 618 3549 politice
640 3467 745 3531 roratio
767 3472 826 3532 nat
848 3468 975 3534 maiora
999 3470 1123 3535 ciribas
1145 3470 1264 3536 nostris

86 3573 252 3659 aperimus.
300 3572 490 3654 principium
508 3574 612 3654 partis
628 3574 762 3639 alterius
780 3580 868 3639 certe
892 3575 947 3640 vix
969 3575 1106 3642 indicari
1130 3577 1262 3658 poterit;

87 3699 161 3744 nam
196 3685 293 3760 capnt
331 3680 486 3745 decimum
516 3681 589 3745 hnic
620 3681 764 3762 proxime
797 3683 995 3751 antecedens
1028 3703 1089 3764 quo
1119 3685 1264 3751 iubemur

87 3788 130 3852 ad
141 3787 288 3870 primam
309 3787 389 3852 mati
411 3808 538 3853 sensam
561 3789 680 3863 raderi
702 3789 793 3855 mobis
817 3786 851 3874 (ἕ
863 3789 895 3872 1)
912 3796 945 3854 et
968 3790 1108 3873 adfectas
1129 3796 1263 3872 nostros,

86 3916 157 3959 cmm
174 3895 322 3979 primam
343 3895 508 3978 oriantur,
540 3896 776 3978 deprehendere
798 3896 869 3961 iure
892 3904 946 3967 tuo
970 3897 1034 3963 iam
1058 3896 1154 3963 alteri
1177 3897 1264 3978 parti

88 4056 270 4064 ’,ξ-...-
285 4057 300 4064 .-

182 4158 205 4227 *)
224 4161 258 4215 cf.
272 4160 383 4231 insuper
397 4163 471 4219 Pluc.
489 4181 515 4216 π.
536 4163 683 4234 ιὶοργησίας
694 4181 716 4220 o.
729 4166 755 4230 4,
774 4163 819 4218 ubi
838 4179 921 4231 aeque
941 4156 1185 4218 commendatarii
1203 4165 1264 4214 tm-

88 4253 180 4318 σχεῖν
209 4255 241 4304 et
268 4240 299 4301 ιδ
328 4249 553 4304 retransmittat:
583 4251 596 4302 ὁ
627 4251 767 4323 Σωκράτης
793 4250 884 4306 ὁσάκις
910 4255 1029 4303 αἴσθοιτο
1057 4254 1263 4320 κινουμένου

87 4335 247 4410 τραχύτερον
266 4337 366 4406 ἑαυτοῦ,
382 4341 503 4392 ἐνεδίδου
523 4341 552 4412 τῇ
571 4337 648 4412 φωνῇ
668 4380 673 4392 .
695 4381 701 4395 .
723 4383 729 4394 .
749 4382 756 4394 .
