2820 4764
679 215 700 274 4

121 426 177 490 cia
204 425 330 506 curiatii)
359 443 468 488 rursus
497 425 538 488 ad
566 425 704 504 priorem
735 421 961 505 cogitationem
990 419 1183 497 revolvitur,
1213 421 1301 489 harro

123 533 353 614 oppositionem
387 550 465 595 voce
494 536 623 597 tamea
655 530 814 612 exprimit.
868 529 976 609 itaque
1005 533 1081 592 aute
1111 547 1151 591 ea
1174 544 1301 611 quoque

122 639 239 705 verba:
264 659 333 703 aoa
357 638 439 702 idem
462 639 623 703 oeaiaersis
648 688 655 702 .
681 688 688 702 .
715 687 722 701 .
749 687 755 700 .
781 636 972 717 particulam
996 634 1157 715 quandam
1182 633 1301 701 adver·

123 744 262 811 sativam
284 745 443 810 excidisse
467 745 626 826 suspicor;
651 744 756 826 potuit
779 749 885 807 autem
911 747 982 823 post
1005 744 1120 823 spectat
1142 739 1301 821 perfacile

20 854 26 865 '
123 857 176 918 ab:
192 888 232 896 —
252 873 366 931 ommes,
385 853 481 916 immo
497 852 607 916 omacio
625 853 662 916 im
678 851 828 915 nltimam
844 851 926 914 diem
942 852 1121 930 spectant.
1168 851 1207 911 al
1230 869 1302 914 aare

123 959 205 1024 ialam
230 960 390 1024 universis
410 958 487 1039 fiais
509 963 562 1023 est.

214 1066 264 1130 his
288 1066 409 1130 duobus
442 1065 521 1129 locis
555 1064 692 1129 adiciam
727 1063 855 1127 tertium
890 1063 921 1127 d.
955 1061 1076 1126 benef.
1102 1063 1162 1142 lV,
1198 1070 1302 1143 lma:

124 1171 176 1255 fac
204 1193 263 1237 aos
293 1171 446 1256 mapulas,
477 1173 556 1253 qaid
578 1169 711 1236 scamas?
739 1171 864 1253 praeda
887 1168 1082 1234 amimalium
1104 1173 1134 1233 et
1155 1169 1304 1234 victimae

124 1298 161 1344 ac
176 1278 364 1344 bellissimus
378 1282 407 1343 el
424 1276 600 1359 facillimas
622 1279 771 1363 sompnia·
795 1276 949 1358 qnoniam
972 1276 1079 1341 celeris
1101 1275 1304 1341 animalibus

127 1385 165 1450 ia
192 1385 323 1450 tutelam
350 1385 403 1450 sai
432 1385 510 1450 satis
532 1386 654 1450 viriam
677 1387 729 1466 est,
753 1402 962 1465 qaaecumque
984 1402 1064 1468 capa
1087 1383 1306 1449 associantem

125 1497 155 1558 et
185 1497 299 1558 actara
330 1493 428 1557 ailam
460 1513 631 1578 semmam,
664 1495 791 1556 armenta
823 1494 916 1555 saal:
953 1488 1113 1555 homiaem
1145 1490 1304 1556 imbecilla

126 1601 207 1666 caulis
229 1597 317 1684 (add.
347 1599 523 1682 Madvig)
552 1601 659 1685 ciayii,
689 1620 758 1663 aea
786 1599 948 1682 aapaiam
975 1597 1032 1677 ais,
1061 1617 1130 1662 aaa
1157 1599 1305 1664 dentiam

127 1707 298 1772 terribilem
337 1707 445 1773 ceteris
481 1706 568 1790 fecii,
609 1707 736 1772 andrum
769 1710 800 1770 el
833 1706 985 1770 inermem
1019 1705 1148 1769 societas
1182 1707 1303 1772 manib.

126 1813 232 1879 omnia
247 1814 299 1878 hic
316 1811 491 1884 ἀσυνδέτως
508 1814 652 1894 adserta,
677 1813 710 1876 in
731 1812 895 1877 enuntiato
919 1811 1079 1892 protatico
1103 1831 1124 1877 a
1147 1813 1305 1893 qnoniam

127 1919 296 2002 incipienti
331 1919 392 1984 duo
430 1921 583 1999 membra,
623 1920 655 1984 iu
689 1918 821 2000 apodosi
856 1918 930 1983 tria.
990 1937 1105 1984 vereor
1140 1938 1180 1984 ue
1216 1925 1305 1985 totus

129 2045 288 2093 connexus
324 2027 556 2092 sententiarum
586 2026 749 2092 difficilior
783 2025 841 2090 fiat
872 2027 913 2090 ad
945 2026 1208 2110 intellegendum,
1236 2027 1306 2092 uisi

128 2138 278 2216 postest
303 2138 338 2200 el
358 2133 528 2199 interiecto
557 2134 603 2200 sic
627 2134 762 2199 scribes:
793 2133 949 2214 qaoaiam
975 2134 1082 2199 ceteris
1104 2133 1307 2200 animalibus

129 2291 137 2307 .
163 2291 170 2307 .
197 2293 203 2308 .
231 2293 237 2307 .
261 2242 339 2307 satis
362 2241 483 2307 cirierm
506 2246 550 2307 est
570 2246 604 2307 el
625 2261 831 2323 qaaeeaaqae
853 2260 934 2325 capa
956 2241 1173 2306 nascebantur
1194 2290 1202 2305 .
1226 2291 1233 2306 .
1257 2292 1265 2306 .
1285 2292 1304 2322 .‚

130 2353 258 2414 armabo
290 2352 382 2414 meat:
406 2385 448 2394 —
473 2349 633 2414 bominem
665 2348 820 2414 imbecilla
852 2348 932 2413 coetis
959 2348 1067 2433 ciapit,
1099 2368 1169 2414 aaa
1193 2399 1200 2413 .
1227 2398 1234 2414 .
1261 2400 1269 2416 .
1298 2399 1305 2414 .

126 2454 208 2538 fecit,
237 2457 363 2521 madiam
391 2457 509 2521 mirail.
541 2492 582 2500 -
615 2460 660 2521 est
688 2462 721 2520 et
747 2460 776 2520 et
803 2455 990 2535 saepissime
1021 2474 1040 2520 a
1063 2454 1206 2520 librariis
1231 2474 1306 2521 oon·

130 2561 221 2627 fundi
246 2568 382 2626 constat.

218 2668 256 2733 iu
280 2667 399 2733 tertio
423 2668 522 2733 libro
547 2670 590 2734 de
615 2667 823 2734 beneficiis
840 2668 915 2733 inde
932 2687 991 2733 ac.
1006 2675 1047 2734 29
1064 2668 1240 2751 quaeritur,
1258 2690 1307 2735 aa

133 2775 312 2857 alipaaado
340 2775 432 2840 liberi
454 2777 581 2841 maiora
605 2776 750 2858 baccaricia
775 2777 851 2842 dare
868 2777 1060 2858 pareatibus
1082 2778 1150 2842 sacis
1169 2779 1309 2859 pessimi,

129 2902 227 2965 qaam
250 2883 433 2966 occeperint.
480 2883 564 2963 quod
588 2883 711 2949 Seneca
735 2883 955 2964 copiosissime
979 2885 1179 2965 comprobat3
1211 2889 1309 2965 atque

130 2988 274 3054 ultimam
292 2990 419 3070 quidem
435 2990 675 3056 interlocutoria
700 2991 909 3056 obiectionem
935 3009 961 3057 c.
989 2998 1076 3074 35,4
1100 2991 1147 3055 sic
1170 2991 1309 3073 legimns

131 3095 164 3161 in
199 3096 308 3161 codice
343 3098 390 3163 N:
427 3098 559 3179 patris
595 3098 785 3182 beneficia
820 3119 840 3163 a
872 3098 960 3182 filii
994 3097 1196 3181 beneficiis
1229 3119 1311 3165 aaa

125 3208 303 3290 possiunt,
332 3202 470 3285 quare?
515 3211 594 3286 qoem
621 3205 719 3270 citam
748 3206 863 3288 accepit
890 3210 1024 3288 epatre
1047 3226 1143 3289 qaam
1167 3206 1235 3271 aisi
1259 3227 1311 3273 ar·

130 3310 267 3393 cepisset,
292 3309 388 3375 arella
416 3312 494 3376 dam
520 3310 670 3393 beaesicia
688 3312 851 3395 potuisset.
899 3331 980 3393 quae
1004 3319 1071 3378 tum
1094 3313 1142 3377 ita
1164 3311 1311 3379 refutan-

133 3422 198 3482 tur:
228 3418 285 3482 boc
316 3439 479 3485 commane
510 3423 555 3484 est
575 3420 668 3502 pratri
691 3441 762 3486 cam
795 3420 957 3500 ommibus,
990 3419 1047 3502 qai
1078 3421 1177 3485 ailam
1209 3419 1313 3489 alictii

135 3525 304 3606 dederaal;
346 3545 416 3590 aaa
442 3527 624 3607 potuissent
653 3527 741 3591 enim
772 3526 895 3609 referre
924 3527 1076 3611 qratiam,
1111 3527 1179 3592 nisi
1209 3527 1313 3592 ailam

133 3633 328 3715 accepissent.
381 3652 453 3715 erpo
482 3652 537 3697 aec
567 3633 687 3699 acediae
711 3682 719 3698 .
745 3683 752 3699 .
779 3681 786 3697 .
812 3681 819 3697 .
845 3639 907 3698 eto.
937 3634 1126 3714 inquorum
1151 3633 1243 3698 initio
1266 3635 1314 3705 ¹ad

133 3739 267 3804 verbum
290 3738 448 3803 auxiliare
471 3739 647 3819 requiritur
669 3740 858 3823 principale,
884 3747 997 3821 aperte
1021 3742 1195 3822 passivum,
1220 3743 1316 3813 velut

134 3846 231 3926 abaci,
264 3845 423 3927 superari.
475 3846 573 3928 vulgo
605 3845 706 3928 igitur
737 3847 843 3913 cinci
871 3851 944 3927 post
961 3848 1070 3930 patris
1092 3847 1240 3928 baeefieia
1263 3848 1314 3913 in-

134 3969 244 4016 serere
260 3970 324 4016 non
340 3951 579 4033 dubitaverunt,
603 3972 674 4019 cum
691 3960 818 4019 constet
841 3954 924 4019 tales
948 3973 1044 4022 voees
1067 3955 1216 4036 integras
1240 3955 1315 4021 sive

135 4077 195 4140 per
222 4057 349 4123 librarii
376 4059 617 4141 neglegentiam
645 4061 716 4128 sivo
745 4061 840 4127 aliam
872 4062 912 4126 ob
941 4080 1070 4127 causam
1094 4062 1188 4126 nimis
1211 4080 1316 4144 saepe

135 4166 169 4231 iu
185 4167 246 4231 hoc
261 4166 371 4232 codice
395 4167 528 4232 omissas
552 4186 634 4234 csse.
683 4169 848 4233 tamenin
872 4170 932 4233 hoc
955 4187 1017 4233 non
1042 4169 1315 4250 acquiescendum

37 4276 40 4281 '
135 4270 234 4339 fuisse
267 4291 392 4339 censeo.
454 4274 559 4341 altera
590 4275 672 4340 enim
707 4274 834 4342 accedit
866 4275 999 4341 offensio
1031 4295 1134 4357 eaque
1166 4276 1314 4371 gravior.
