2820 4764
596 316 805 326 ...-—-.—-

203 445 236 510 in
260 464 332 526 cap.
351 450 390 508 17
415 443 555 524 scriptor
579 449 692 507 contra
717 440 928 508 Aristotelem
953 440 1056 506 denuo
1080 438 1212 520 exponit
1234 439 1289 504 ool-

110 553 210 636 feetas
232 573 301 619 noia
320 573 383 634 pro
410 552 512 616 nomia
539 571 603 614 csse
630 550 750 615 debere
777 567 860 629 quae
891 548 1002 614 eodem
1030 547 1099 612 fere
1127 548 1292 628 pertinent

114 667 211 742 atque
235 678 380 741 eaquae
404 677 496 738 capp.
524 664 609 722 7-9
634 657 777 735 dixerat3
801 655 842 720 cf.

161 813 191 883 9,
234 812 265 868 1:
430 799 564 884 (virtus)
610 801 649 866 io

114 914 276 994 quantam
312 909 444 991 potavit
479 930 557 991 opos
588 929 649 973 ease

113 1017 292 1084 condiatur
312 1016 558 1100 reputatumque,
580 1035 649 1080 non

113 1125 209 1190 aliter
245 1144 343 1206 quoru
377 1143 457 1204 ponc
487 1123 651 1187 impacatis

115 1232 347 1314 obprimantur
369 1229 444 1294 telo
468 1230 512 1294 io
529 1233 648 1312 potes-

117 1342 195 1403 tate
239 1335 434 1402 mittentis
476 1339 567 1401 sont
612 1335 650 1400 ia

114 1448 275 1526 piceatum
299 1447 510 1526 torqueantur
534 1491 540 1505 .
566 1492 573 1506 .

804 805 855 879 17,
888 807 920 864 1:
952 847 992 864 ..
1019 850 1025 864 .
1051 797 1290 882 prcod(Ar·isto·

756 905 832 971 telis
856 903 992 990 dictum)
1016 927 1126 971 coram
1147 905 1239 988 forat,
1263 905 1293 970 si

757 1013 842 1078 velot
904 1011 1012 1078 bellico
1077 1013 1292 1078 instrumento

756 1120 859 1185 sumi
896 1120 1106 1201 deponique
1132 1123 1292 1202 possent

757 1227 959 1292 induentis
996 1227 1165 1292 arbitrio
1205 1277 1211 1292 .
1245 1275 1252 1290 .
1283 1275 1290 1290 .
1338 1233 1341 1242 '

758 1329 809 1416 (2)
836 1334 1002 1399 aetianos
1031 1334 1191 1399 instruxit
1212 1333 1291 1397 roti-

758 1461 818 1506 ooe
862 1444 995 1505 notura.
1075 1439 1140 1506 boc
1191 1441 1294 1504 dedit

758 1547 875 1612 teloio
902 1546 1061 1629 firmum
1093 1596 1100 1610 .
1127 1597 1134 1611 .
1160 1595 1167 1611 .
1193 1547 1291 1612 obse·

757 1674 874 1735 paens
901 1675 958 1719 neo
986 1674 1101 1736 anceps
1127 1674 1182 1718 nec
1210 1653 1293 1736 quod

757 1761 796 1825 in
807 1760 976 1825 dominam
987 1761 1108 1825 remitti
1124 1765 1247 1842 posset.
1262 1811 1269 1827 .
1285 1809 1292 1825 .

206 1905 342 1986 denique
370 1904 403 1969 in
431 1904 495 1971 fine
522 1904 596 1969 libri
625 1903 751 1984 prolixe
778 1902 912 1983 fuseque
942 1903 1024 1968 iram
1048 1903 1133 1969 iufra
1157 1904 1292 1969 hominis

117 2018 265 2077 naturam
283 2011 483 2092 rationalem,
507 2009 602 2075 immo
622 2010 650 2075 ei
676 2009 827 2075 infestum
852 2011 1099 2090 damnosamque
1123 2028 1195 2076 esse
1220 2009 1295 2094 (19)

118 2118 260 2199 nihilque
276 2118 395 2200 magni,
420 2117 500 2182 nihil
517 2117 622 2181 nobile
647 2117 715 2198 (20,
734 2115 791 2200 21)
815 2117 907 2198 inse
930 2116 1052 2182 habere
1083 2117 1225 2183 disserit.
1251 2154 1291 2163 -

117 2245 201 2307 quae
230 2225 336 2290 omnia
364 2224 426 2290 etsi
455 2224 586 2304 saepius
614 2243 677 2288 non
707 2223 777 2288 sine
801 2223 990 2304 ambagibus
1014 2223 1171 2304 nimisque
1195 2242 1293 2306 saepe

118 2334 193 2398 laxe
213 2332 379 2412 disputata
403 2337 487 2414 suut,
512 2331 591 2397 nihil
616 2332 774 2411 estquod
798 2348 897 2412 neges
920 2332 1005 2395 hunc
1026 2331 1143 2396 librum
1167 2332 1293 2411 qualem

118 2458 202 2506 nunc
226 2445 382 2521 tenemun,
437 2440 535 2504 talem
564 2459 584 2504 a
608 2436 734 2504 Seneca
757 2437 970 2519 conscriptum
994 2456 1077 2519 esse,
1102 2437 1293 2518 praesertim

118 2567 189 2613 cum
217 2557 348 2628 reputes
376 2566 446 2612 eum
476 2547 562 2612 inter·
584 2548 680 2628 longe
709 2545 933 2627 antiquissima
956 2544 1024 2610 eius
1048 2545 1180 2626 scripta,
1206 2551 1293 2610 certe

119 2674 228 2720 eorum
252 2673 334 2735 quae
358 2659 481 2736 extant,
506 2654 709 2720 referendum
734 2671 816 2718 esse.
862 2673 926 2718 una
950 2652 1047 2718 etiam
1071 2671 1125 2717 res
1148 2655 1294 2733 quamvis

120 2760 256 2841 parvola
271 2779 312 2824 ne
328 2760 505 2840 omittatur,
531 2779 558 2825 o.
576 2770 606 2841 8,
631 2766 651 2824 4
668 2765 744 2824 ante
761 2760 874 2825 verba:
899 2759 1035 2840 maique
1057 2759 1218 2844 interropo
1234 2808 1242 2825 .
1260 2807 1267 2822 .
1287 2810 1293 2824 .

120 2866 256 2930 alterum
281 2867 454 2931 membrum
479 2866 682 2948 dilemmatis‚
711 2867 738 2932 si
769 2865 846 2931 nihil
871 2865 968 2946 aliud,
998 2865 1128 2948 excidit,
1153 2870 1189 2930 ut
1212 2866 1295 2932 vidit

120 2975 267 3039 Haase.
315 2978 424 3038 cetera
447 2973 547 3055 igitur
570 2974 655 3038 bona
679 2979 735 3038 aut.
759 2978 846 3038 certe
870 2972 1063 3037 tolerabilia.

209 3079 305 3161 longe
320 3079 417 3144 aliter
432 3099 485 3146 res
501 3099 537 3145 se
561 3081 660 3145 habet
675 3080 707 3145 in
724 3081 827 3144 altero
846 3077 979 3164 libro*).
1027 3079 1155 3161 quaerit
1170 3079 1294 3147 Seneca

118 3186 172 3251 iro
194 3190 305 3251 otram
329 3186 448 3253 indicio
477 3207 524 3252 aa
546 3188 667 3270 impeto
689 3187 828 3270 incipiat
849 3186 897 3269 (1,
930 3195 946 3253 1
971 3186 1055 3270 sqq.)
1079 3186 1205 3253 acriore
1228 3185 1294 3251 dis·

118 3293 285 3374 putatione
320 3293 469 3359 instituta
504 3296 544 3359 de
579 3294 618 3358 iis
653 3313 736 3375 quae
771 3313 869 3375 supra
899 3291 941 3379 (l,
972 3304 1001 3376 8,
1032 3302 1062 3368 2,
1091 3292 1125 3379 3)
1150 3293 1294 3362 breviter

208 3504 236 3574 *)
255 3508 361 3576 gaudeo
380 3508 451 3574 quod
470 3501 639 3562 Ger‘tziuo
667 3506 695 3560 in
714 3506 828 3560 editione
847 3523 896 3561 oua
914 3512 1091 3562 commentum
1110 3506 1291 3562 Kochiauum:

115 3596 206 3665 facilia
233 3597 304 3650 enim
331 3596 361 3650 io
388 3595 532 3664 proclivi
553 3596 781 3650 uehiculorum
804 3595 928 3649 decorans
946 3598 993 3660 aot,
1011 3601 1043 3651 ut
1061 3597 1145 3661 decet,
1166 3595 1292 3664 explodit.

118 3713 148 3723 -·
179 3687 333 3753 ceteroquin
361 3687 470 3756 dignum
498 3688 568 3754 quod
596 3687 639 3740 hie
665 3687 818 3741 conferatur
846 3691 888 3740 est
913 3686 1018 3741 initium
1045 3686 1106 3740 libri
1131 3685 1241 3740 extremi
1260 3686 1292 3740 de

115 3775 257 3841 beneficiio,
268 3776 392 3842 quoniam
407 3776 444 3842 (l,
454 3773 483 3844 2)
496 3776 620 3846 quicquid
631 3775 749 3830 macione
760 3775 935 3830 moeaoomom
948 3779 1013 3842 erat
1026 3774 1056 3829 iu
1064 3775 1186 3843 primoum
1199 3773 1291 3844 (opus)

116 3864 243 3933 conpescit
268 3865 390 3934 scriptor,
416 3881 463 3918 uec
485 3864 577 3930 aimo,
601 3866 697 3934 pergit,
722 3864 757 3917 od
781 3882 837 3919 rem
860 3865 982 3919 cumliaco
997 3864 1139 3933 pertinere,
1157 3863 1203 3917 nbi
1221 3862 1292 3917 dicta

115 3957 181 4008 auat
205 3971 271 4022 quoa
299 3957 396 4021 repunt
421 3971 515 4019 morea,
544 3953 665 4023 pereaqoi
690 3957 775 4008 cebro
799 3971 853 4008 ooo
877 3953 908 4007 io
930 3953 1076 4008 remedium
1094 3953 1182 4007 animi
1199 3951 1244 4006 aed
1261 3952 1291 4006 io

116 4042 328 4098 eaeerdtotioiaem
346 4043 447 4112 iotpeuii
464 4043 584 4098 iiiveota.
618 4044 656 4098 sic
674 4043 805 4097 collocato
822 4043 937 4098 materia
956 4041 984 4112 (ξ
999 4045 1025 4104 ll
1040 4044 1072 4098 ad
1086 4043 1195 4097 exiliora
1207 4041 1290 4107 venit,

116 4132 336 4200 quemadmodem
350 4133 437 4202 poamt
452 4134 550 4203 aliquio
565 4133 663 4188 donare
683 4133 807 4202 aopboti,
828 4133 853 4188 oi
874 4134 964 4188 omniu
983 4133 1112 4201 aapicatia
1122 4134 1194 4196 mort,
1207 4128 1241 4200 (c.
1251 4130 1291 4196 4),

115 4237 152 4275 aa
170 4221 216 4291 qai
234 4223 324 4276 anain
339 4223 412 4291 fecit,
430 4226 464 4277 nt
479 4222 629 4290 bemfioiooi
647 4222 773 4288 redderet,
791 4222 940 4277 reditum
958 4221 992 4288 (c.
1005 4224 1059 4288 14),
1072 4218 1291 4290 quamadmodum

114 4311 218 4380 hiprati
233 4312 338 4380 feruidi
354 4312 412 4367 sim
428 4310 496 4381 126),
514 4314 575 4370 alia.
