2820 4764
594 209 740 298 *23
770 293 799 298 --

199 431 270 477 oum
293 412 396 494 igitur
418 431 472 478 res
495 413 543 478 sic
570 432 606 479 sc
629 415 750 480 habeat
772 420 808 479 nt
832 433 901 495 cap.
930 421 971 480 30
1000 419 1034 479 33
1051 434 1091 480 33
1106 433 1189 495 3333
1208 420 1309 481 3333-

114 520 232 584 cedunt
255 518 358 600 partis
382 519 498 601 prioris
522 521 750 602 paraeneticae
773 521 849 603 sint,
867 540 961 602 capp.
980 529 1033 602 32,
1059 529 1113 602 33,
1131 528 1175 588 34
1194 523 1310 604 partis

110 625 297 707 posterioris
320 626 528 709 theoreticae,
560 627 673 708 quaeri
696 634 805 709 potest
827 646 869 692 an
898 633 986 693 certe
1015 627 1079 692 dici
1109 633 1214 709 33333
1246 631 1295 696 ub

112 753 195 815 quae
218 733 271 798 hic
294 752 384 799 sunm
409 735 511 800 locum
535 736 656 801 habent
679 740 713 801 et
735 755 775 802 ea
798 754 881 816 quac
904 736 956 800 hic
979 735 1088 800 aliena
1104 740 1191 817 3333,
1210 734 1311 803 inter

113 860 149 906 se
172 841 372 922 contingant.
396 860 450 906 res
474 841 571 907 valde
592 841 717 908 lubrica
740 847 792 907 est
815 861 917 922 neque
941 842 983 906 ad
1014 842 1123 907 vivum
1152 844 1309 910 resecari

110 947 247 1028 patitur:
298 952 426 1012 tamen
470 948 559 1013 vide
606 967 651 1013 nc
700 967 810 1029 capp.
861 956 992 1014 31-33
1040 957 1083 1013 nt
1129 948 1308 1016 aliunde

111 1055 309 1120 arcessita
332 1054 492 1136 integra
525 1056 754 1121 exsecando
786 1056 878 1120 sint.
925 1075 1115 1136 quamquam
1140 1055 1308 1136 perfacile

112 1181 235 1242 quoqne
262 1161 304 1228 fie
312 1161 345 1226 ri
379 1162 484 1243 potnit
510 1167 546 1227 33
570 1163 696 1229 Seneca
723 1163 794 1244 ipsc
826 1164 942 1228 ardore
966 1181 1004 1228 ac
1029 1162 1136 1229 studio
1159 1181 1220 1229 suo
1243 1165 1306 1230 ah-

110 1275 223 1351 raptus
252 1269 364 1349 priora
394 1269 452 1334 illa
484 1268 726 1353 recoque1·et.*)

198 1375 296 1441 etiam
326 1395 410 1457 3333
433 1383 507 1458 post
541 1396 612 1458 cap.
638 1383 681 1443 34
710 1383 885 1459 supersunt
915 1377 976 1442 dno
1010 1376 1120 1457 capita
1150 1382 1306 1444 extrema

112 1484 227 1548 iterum
253 1483 323 1547 irae
339 1483 583 1566 deformitatem,
601 1485 715 1551 driade
725 1484 907 1567 periculam
924 1489 1001 1549 ante
1017 1484 1126 1549 oculos
1142 1482 1305 1565 ponentia

118 1590 187 1673 (35,
201 1588 236 1673 3)
257 1595 364 1654 utrum
394 1591 437 1655 ad
460 1590 716 1656 exhortationem
750 1590 934 1672 pertineant
966 1607 1078 1671 33333,
1113 1608 1173 1671 pro
1208 1596 1304 1656 certo

116 1716 175 1779 ego
199 1697 383 1778 disceptare
411 1716 473 1764 non
505 1698 617 1764 33333.
672 1704 765 1779 potes
796 1698 880 1764 enim
910 1698 992 1762 talia
1021 1696 1172 1778 percoqui
1204 1702 1239 1764 ct
1264 1704 1303 1764 33

118 1804 234 1869 doceas
258 1809 292 1869 et
315 1809 351 1869 nt
374 1805 526 1870 horteris.
572 1805 725 1871 videntur
748 1810 856 1870 tamen
881 1823 972 1886 capp.
992 1809 1123 1871 34-36
1141 1809 1302 1885 tauquam

115 1911 260 1992 epilogus
284 1929 374 1977 snum
398 1913 501 1978 locum
526 1911 578 1978 hio
607 1913 727 1978 habere
762 1910 817 1996 (oi.
854 1912 885 1977 in
921 1911 1014 1977 initio
1039 1917 1123 1993 34,1
1161 1929 1301 1993 gravem

113 2019 197 2084 hanc
213 2019 540 2098 comprehensionem:
564 2041 651 2104 erpo
673 2020 727 2084 ira
742 2019 969 2084 abstinendum
984 2023 1028 2083 cst
1044 2066 1052 2083 .
1066 2067 1073 2082 .
1089 2015 1123 2102 .).
1148 2017 1300 2099 equidem

113 2122 231 2208 ἐπέχω,
256 2126 316 2190 hoc
338 2144 401 2190 uuo
425 2126 507 2191 satis
531 2130 700 2192 contentus
730 2125 758 2191 si
788 2132 909 2191 statum
937 2125 1031 2191 huius
1058 2124 1133 2190 libri
1161 2125 1301 2206 gravius

115 2232 334 2313 perturbatum
361 2251 433 2298 3333
457 2233 585 2300 evicero
609 2233 733 2299 lacunis
763 2232 964 2313 interpositis
992 2231 1136 2298 molestis
1166 2231 1300 2298 iteratis

116 2339 356 2404 occurrentibus
380 2340 611 2405 sententiarum
636 2359 720 2407 nexu
743 2359 841 2422 saepe
866 2340 1005 2421 dirupto.

203 2451 300 2526 33333
333 2446 373 2511 dc
396 2447 501 2511 altero
526 2447 608 2511 libro
639 2447 805 2511 hactenus,
852 2452 955 2511 restat
984 2447 1039 2512 illo
1068 2446 1151 2511 liber
1176 2444 1298 2510 tertius

117 2552 158 2617 dc
182 2571 242 2632 quo
266 2552 434 2618 breviores
458 2570 529 2618 esse
554 2552 737 2632 poterimus.
785 2553 911 2617 omnino
935 2553 976 2619 de
1000 2553 1125 2635 integro
1150 2549 1298 2632 disputa-

204 2761 231 2831 *l
257 2767 307 2821 hoc
336 2766 433 2821 dixeris
457 2766 536 2820 finem
560 2765 655 2834 capitis
677 2769 711 2821 31
736 2766 770 2820 ad
795 2765 973 2834 dogmaticam
997 2770 1069 2820 certe
1094 2769 1229 2834 spectum
1262 2766 1299 2822 cf.

120 2856 260 2924 quodiam
279 2872 359 2924 snpra
378 2856 517 2911 attulimus
535 2853 564 2924 (ξ
582 2857 612 2921 8)
633 2896 640 2910 .
660 2898 666 2911 .
687 2897 693 2911 .
712 2872 770 2924 erpo
788 2872 821 2908 rw
837 2854 940 2909 horaiai
952 2853 1057 2923 qnidam
1069 2853 1219 2909 arabimus
1231 2854 1300 2922 qaia

112 2945 239 3014 pomarii,
261 2943 307 2999 sed
332 2962 365 2998 ac
381 2948 474 3013 pecmt,
492 2962 538 2999 aaa
555 2962 676 3013 anquam
694 2944 730 2999 ad
744 2944 931 3013 praeteritam,
948 2943 994 2999 scd
1011 2943 1047 2997 ad
1063 2944 1193 3012 saturam
1207 2959 1301 3012 poena

116 3034 254 3102 referetur.
295 3050 349 3087 amr
373 3033 445 3087 caira
464 3033 593 3088 irascitur
610 3033 655 3088 aad
672 3037 770 3089 cavet.
791 3076 797 3089 .
817 3074 823 3087 .
843 3039 892 3089 etc.
931 3049 991 3088 cum
1010 3035 1032 3098 Ι,
1055 3034 1095 3098 19,
1107 3035 1132 3088 t.
1151 3060 1186 3068 -
1204 3031 1300 3100 itaque

119 3129 166 3177 ant
185 3122 216 3177 ab
235 3123 344 3177 ineunte
357 3127 433 3176 3333
446 3123 532 3176 medio
545 3122 633 3192 capite
646 3122 719 3177 filnm
736 3122 946 3189 interrumpitur.
978 3127 1059 3189 33333
1070 3121 1175 3176 initium
1188 3120 1300 3188 quidem

115 3211 230 3267 fortunae
252 3212 333 3266 etiam
357 3210 553 3265 exhortativum
577 3216 631 3276 333,
656 3227 707 3278 333
729 3210 853 3265 iubemur
877 3227 972 3266 cavere
991 3227 1024 3265 ne
1049 3209 1195 3278 inopinatis
1213 3211 1299 3267 rebus

117 3318 165 3370 per
188 3301 364 3370 ignorantiam
395 3306 443 3355 ant
470 3316 518 3369 per
545 3301 712 3355 insolentiam
739 3299 768 3355 in
796 3299 862 3354 iram
885 3299 1060 3355 intrudamur.
1097 3304 1156 3354 erat
1178 3299 1247 3366 quod
1268 3299 1299 3355 iu

116 3391 202 3445 medio
231 3391 281 3445 hoc
309 3391 396 3458 capite
423 3396 541 3446 suturam
565 3396 597 3446 ut
619 3390 658 3445 ita
676 3390 761 3445 dicam
780 3405 833 3456 333
850 3390 917 3444 haec
935 3396 1040 3445 tautum
1058 3388 1129 3443 inter
1147 3404 1176 3444 33
1195 3387 1300 3444 discre-

115 3480 208 3548 pantia
226 3480 410 3547 conglutinata
428 3486 526 3547 essent,
546 3481 719 3549 deprendiaae
736 3479 801 3534 mihi
820 3479 939 3542 viderem
968 3495 1045 3546 quarn
1065 3478 1218 3533 statuebam
1232 3481 1299 3531 aute

115 3569 198 3626 verba
217 3567 245 3637 (ἓ
264 3572 306 3634 6);
333 3569 401 3623 iliad
419 3574 480 3624 arcte
497 3570 588 3624 orinia
605 3570 690 3640 copita
705 3569 811 3638 foedata
829 3586 881 3623 crac
898 3572 926 3622 et
936 3566 1103 3622 mercidem
1116 3565 1172 3620 cira
1184 3565 1300 3620 maadi

114 3661 141 3712 et
160 3658 351 3713 alicamairaora
373 3659 475 3714 lamini
499 3700 531 3716 ..
553 3698 558 3712 .
579 3700 585 3714 .
605 3675 674 3727 3333
697 3660 779 3714 verba
806 3664 838 3714 at
855 3658 951 3712 mirum
969 3657 996 3711 iu
1015 3658 1122 3711 modum
1141 3655 1299 3724 discrepant

115 3748 148 3803 ab
168 3747 204 3814 ¹iia
227 3763 295 3814 qnae
317 3748 435 3816 proxime
459 3754 539 3803 antea
557 3748 629 3803 dicta
647 3754 718 3814 3333,
737 3748 776 3803 ita
794 3746 938 3816 insigniter
957 3750 1054 3800 coeunt
1066 3761 1126 3800 cnm
1144 3744 1168 3811 Ι,
1181 3745 1206 3810 t,
1217 3744 1242 3809 2,
1266 3751 1300 3799 nt

115 3837 246 3893 transitus
263 3838 335 3892 inter
352 3838 401 3892 has
419 3837 595 3906 cogitationes
615 3838 743 3904 diversas,
763 3839 786 3893 si
805 3838 883 3892 modo
902 3842 953 3902 333,
974 3835 1040 3890 satia
1059 3836 1190 3902 abruptus
1210 3833 1246 3888 sit
1266 3839 1298 3889 et

113 3927 205 3982 formis
228 3932 332 3984 tantum
354 3927 519 3996 imperativis
542 3928 681 3996 copulans:
710 3925 726 3996 ἕ
752 3929 784 3982 4:
812 3925 903 3982 oraria
923 3928 1021 3996 pata,
1041 3927 1185 3992 conpecto
1205 3965 1212 3977 .
1232 3964 1239 3978 .
1261 3964 1297 3980 ..

114 4014 154 4084 (5)
172 4016 202 4070 de
216 4017 449 4087 prdlmiscopito
468 4060 474 4074 .
495 4059 502 4074 .
522 4059 527 4072 .
551 4034 674 4086 ,333333
693 4060 700 4074 .
720 4058 727 4072 .
747 4060 754 4073 .
775 4059 781 4072 .
799 4014 1043 4085 fahrmaaolipaid
1062 4056 1068 4069 .
1090 4057 1096 4070 .
1117 4056 1123 4069 .
1143 4055 1150 4069 .
1169 4011 1298 4068 mistim

224 4105 264 4175 (6)
289 4107 357 4162 illud
379 4111 440 4162 onte
459 4106 550 4162 oraria
568 4107 681 4177 copita
700 4150 733 4164 ..
781 4105 943 4175 ,adspice
963 4108 1102 4158 murorum
1120 4102 1185 4172 iupa
1204 4144 1211 4158 .
1232 4143 1238 4156 .
1260 4143 1295 4159 ..

116 4196 162 4252 sed
192 4197 224 4252 de
251 4197 293 4252 his
321 4196 400 4252 rebus
428 4197 563 4263 indicium,
591 4197 614 4252 si
641 4215 694 4253 non
722 4197 863 4252 admodum
890 4194 1039 4254 hariolatio.
1067 4199 1159 4249 tamen
1182 4207 1296 4260 prorsus

117 4285 224 4341 dubium
242 4292 292 4341 333.
