2820 4764
634 288 636 297 .
703 299 722 358 5
768 301 771 306 ,

129 507 292 574 torrenda
313 504 411 591 facies
433 509 612 590 depravant
612 509 680 573 ium
703 531 734 576 se
756 481 851 592 atoue
864 480 1154 598 intumescentium
1182 510 1314 610 prescias

129 620 241 681 utrum
264 616 366 701 acopis
381 617 433 680 det
421 620 476 682 ttes
463 616 615 705 tabite't
572 620 615 682 set
636 617 670 682 ai
671 617 752 682 tium
775 638 821 683 an
839 602 1047 700 deforitre'
1109 605 1210 683 ,non
1226 618 1312 683 rides

129 727 166 787 ut
193 722 339 787 omnium
377 701 518 788 animati
505 744 583 804 crim,
618 724 716 789 simut
753 725 797 789 'ud
834 724 1029 789 nocendum
1050 723 1265 789 insurreaeru
1255 729 1313 804 nrt

126 834 347 912 praecurrant
368 835 465 902 notae
487 851 523 895 ac
546 834 610 895 tota
632 852 766 914 corpora
788 830 917 896 solitum
932 823 1135 914 quietumque
1148 831 1314 916 epredian·

132 941 187 1002 tur
210 936 355 1002 habitione
378 941 407 1001 et
426 936 586 1020 feritatem
608 957 702 1002 suurn
724 935 939 1020 exasperent?
952 942 1108 1019 spumant
1129 939 1219 1020 apris
1243 957 1311 1016 ora,

130 1046 237 1109 aenas
270 1047 435 1109 acuuntur
469 1041 621 1127 adtritu,¹
643 1037 813 1109 taurorum
849 1030 972 1110 cornua
1000 1044 1165 1110 iactantur
1196 1045 1234 1109 iu
1259 1065 1313 1109 oa·

131 1148 228 1216 curin
243 1155 281 1215 *et
304 1145 428 1216 icurena
446 1150 548 1237 pulsu
566 1152 685 1234 pedum
707 1145 882 1236 sparpitur,
908 1149 1009 1217 teones
1023 1151 1314 1235 denuntiation-

132 1262 186 1323 tur
231 1258 378 1323 inritatis
419 1258 499 1324 cotta
521 1259 735 1340 serpentibus,
763 1258 954 1324 rabidarum
981 1279 1099 1324 concam
1127 1248 1314 1341 tris'tis'ad-

130 1369 212 1447 spect
212 1386 251 1429 us
273 1369 333 1430 est:
306 1364 441 1431 tncdlc
431 1386 487 1429 com
502 1368 546 1429 est
534 1364 722 1430 tanimuit
710 1369 775 1430 tam
791 1364 943 1431 horrenda
933 1387 989 1430 une
1002 1369 1067 1429 tam
1078 1363 1251 1448 perniciosi
1254 1373 1313 1429 im·

132 1493 191 1554 pue
213 1475 346 1578 natura,
370 1475 407 1536 ut
428 1492 498 1537 non
520 1475 677 1557 appareat
698 1472 737 1563 in
760 1471 825 1558 itta,
849 1469 984 1539 sinaut
973 1493 1024 1537 cra
1033 1465 1190 1555 θ’θθυθθθὶθ,Ι
1212 1491 1315 1537 nouae

132 1578 183 1661 fer
184 1579 274 1644 itatis
296 1579 457 1645 accessio.

128 1799 131 1806 Ι
224 1721 300 1804 2')
291 1740 323 1785 ln
347 1720 410 1786 fine
434 1719 509 1784 libri
483 1627 583 1803 ΗΙΙ,
609 1740 636 1786 a.
667 1728 759 1804 35‚3:
789 1722 876 1787 niicil
899 1727 1005 1788 tamen
1032 1682 1128 1804 aeque
1151 1721 1316 1805 profuerit

134 1848 231 1911 orrum
267 1828 415 1911 primum
454 1827 577 1893 intueri
615 1828 846 1912 deformitatem
887 1829 944 1910 rei,
980 1830 1093 1895 deinde
1118 1828 1310 1911 perieulum.

134 1956 203 2001 uon
241 1938 285 2001 est
317 1926 420 2000 aritiens
458 1934 598 2018 adfectus
628 1935 726 2019 facies
764 1929 932 2025 turbatior.
1000 1936 1223 2027 pulcherrima
1257 1955 1314 2000 ora

127 2042 278 2135 *foedauit
303 2045 405 2107 toruos
427 2041 535 2107 vuitus
558 2063 595 2107 en
618 2043 897 2135 tranquillissimis
919 2044 1040 2108 reddit:

523 2185 666 2268 „linquit
686 2188 776 2252 decor
799 2186 921 2252 omnis“

135 2325 250 2393 iratos:
274 2332 303 2392 et
332 2327 396 2393 sive
409 2328 553 2394 amictus
585 2304 652 2394 iliis
681 2330 868 2412 compositus
899 2329 1017 2395 estad
1047 2328 1153 2415 tepora,
1187 2328 1317 2394 trahent

138 2437 248 2501 restem
272 2432 457 2518 omnemque
478 2456 590 2500 curam
612 2436 666 2501 sui
687 2434 869 2518 effundent·
892 2437 956 2503 sire
978 2436 1168 2519 capiliorum
1191 2439 1314 2502 nutcua

126 2543 181 2608 'oet
211 2547 281 2608 arte
303 2543 477 2609 iacentium
499 2564 568 2609 non
591 2543 753 2639 informis
770 2543 912 2625 habitus„
931 2562 1003 2632 eum
1026 2527 1137 2609 animo
1152 2541 1315 2634 inhorres-

127 2653 212 2715 cent.
285 2653 454 2716 tumescent
491 2671 603 2732 aenae,
649 2652 843 2731 concutietur
883 2650 988 2717 erebro
1036 2651 1156 2733 spiritu
1178 2648 1314 2731 'pectus

138 2756 254 2837 rabida
277 2757 358 2821 vocis
390 2754 517 2838 eiuptia
544 2756 624 2822 cotia
655 2753 819 2823 distendet.
884 2760 953 2822 'tum
985 2761 1077 2823 artus
1100 2752 1225 2840 trepidi,
1263 2756 1315 2821 in·

125 2856 410 2945 puietdeinanus,
435 2862 531 2928 tatius
553 2864 694 2946 corporis
715 2864 906 2945 fluctuatio·
941 2864 1067 2947 ᾳθθαῑθθθθ
1100 2856 1190 2930 intus
1216 2867 1316 2946 putas

71 3013 72 3016 =
125 2981 197 3035 ‘esse
220 2969 379 3052 animum,
413 2965 504 3036 uriers'
535 2952 663 3035 eatru
649 2991 753 3075 canapo
786 2975 851 3035 tarn
881 2970 974 3055 foeda
1006 2970 1073 3037 est?
1096 2966 1233 3054 quanto
1203 2969 1316 3034 titii

124 3067 187 3143 '‘int
174 3082 226 3142 tra
244 3081 315 3183 pect
315 3099 367 3142 us
302 3075 551 3142 tterrititior
573 3077 637 3142 oait
625 3080 674 3143 tus
697 3082 749 3158 est,
773 3078 879 3143 acrior
901 3100 938 3160 sp
940 3079 1045 3161 iritus,
1075 3074 1268 3145 intentior
1254 3098 1314 3142 cm·

70 3175 75 3184 ’
124 3183 186 3268 pet
187 3207 234 3268 us,
270 3206 334 3268 rup
336 3188 430 3249 tuius
465 3206 496 3249 se
530 3184 608 3250 nisi
631 3184 794 3267 eruperit
828 3184 952 3268 quates
980 3190 1060 3251 scant
1047 3183 1177 3251 t'icost
1153 3189 1233 3250 turm
1269 3183 1316 3250 cet

121 3299 124 3303 ’
137 3299 191 3375 ter
192 3298 287 3357 arutu
309 3293 404 3358 caede·
432 3287 632 3357 madentium
661 3295 720 3357 aut
748 3294 792 3357 ad
812 3282 940 3358 caedem
962 3287 1108 3358 euntium
1139 3286 1265 3374 adspect
1265 3313 1313 3372 us,

76 3391 78 3395 ’
129 3396 250 3486 'qualia
267 3394 379 3482 'poetae
399 3396 549 3482 inferna
567 3396 718 3465 monstra·
734 3396 903 3482 finumunt
929 3399 1090 3465 subcincta
1116 3399 1317 3481 serpentibus

126 3505 526 3590 ·ct'ipne'a'ttatu,'·quates
549 3506 593 3570 ad
615 3505 695 3570 tetta
721 3505 892 3570 cantanda
920 3495 1171 3588 discordiamque
1200 3506 1238 3571 in
1257 3527 1315 3588 po·

126 3614 229 3697 'protos
269 3606 478 3678 dividendam
507 3633 678 3696 pacemque
708 3612 924 3679 lacerandum·
944 3608 1144 3677 taeterrimae
1160 3606 1315 3696 'inferum

123 3719 385 3788 'eueuuts‘tatem
407 3720 500 3786 nabis
521 3720 613 3785 iram·
629 3718 811 3806 timeremus,
837 3717 969 3802 damma
1000 3719 1127 3785 termina
1143 3720 1314 3808 ‚ardentia

135 3829 228 3895 sibilo
262 3832 449 3914 mupituque
472 3831 501 3892 et
521 3828 658 3893 stridore
681 3827 761 3893 etsi
784 3847 848 3910 qua
868 3816 923 3894 ‘icis
938 3827 1077 3892 invisior
1098 3848 1159 3892 aaa
1182 3830 1226 3892 est
1241 3848 1316 3909 per-

136 3941 262 4021 strepere
264 3941 333 4016 tem,
374 3935 435 4000 teta
457 3947 561 4001 manu
583 3939 721 4018 utrumn
743 3936 874 4047 quatien
835 3939 962 4030 entem,
973 3935 1077 4017 neque
1103 3934 1189 3999 enirn
1212 3933 1264 3998 itti
1285 3955 1317 3999 se

127 4048 233 4130 tepere
247 4063 344 4109 curae
366 4047 418 4124 est,
437 4045 559 4107 toraaru
574 4031 815 4124 cruentamque*
820 4064 835 4107 e
837 4039 1119 4133 tiiiatr’trcosame
1107 4039 1255 4105 taerberc
1253 4038 1316 4104 aas

124 4151 218 4216 suis
231 4150 413 4244 lipidam,
399 4147 538 4215 incessus
567 4149 688 4236 ursani,
715 4149 861 4233 obfusam
884 4128 986 4214 muita
955 4146 1192 4233 teatipine,
1177 4147 1316 4212 cruursi·

123 4261 269 4336 teretem,
303 4262 479 4324 uastantem
500 4200 736 4343 supantcmdue
766 4254 809 4322 et
825 4256 971 4322 omnium
1003 4254 1075 4320 odio
1090 4251 1315 4358 laborantem,

87 4360 90 4364 “
136 4364 192 4432 sui
214 4361 380 4448 manime,
392 4366 435 4430 si
439 4363 506 4429 atit
493 4368 539 4430 ter
561 4373 671 4431 nocere
691 4384 772 4431 nan
781 4364 899 4448 possit·
887 4364 1053 4448 'arran'
1051 4361 1172 4442 muria,
1193 4358 1315 4426 caetum
