2820 4764
595 249 808 342 Δ...

118 457 208 539 tioni,
240 462 408 538 utrumque
437 457 608 523 admodum
638 457 829 539 importune,
859 474 962 536 neque
994 454 1182 537 mitigantur
1213 455 1301 522 baec

118 563 229 629 addito
258 568 425 645 tanquam.
477 564 606 629 accedit
635 564 724 628 aliud
746 563 843 643 idque
866 561 1015 644 gravius:
1044 566 1208 627 structura
1232 582 1301 629 non

116 670 165 735 ita
197 670 295 751 plana
327 676 387 735 est.
443 669 471 734 si
502 689 582 736 voce
611 669 722 735 amaia
754 668 883 734 nomina
911 667 1138 735 antecedentia
1168 669 1303 736 lammis

112 777 268 859 madeas,
298 778 445 858 maritas,
469 782 573 859 pater,
600 826 608 842 .
633 826 640 842 .
667 826 675 842 .
703 827 709 842 .
734 777 887 858 curiosas,
917 777 1058 842 sacerdos
1087 776 1301 856 comprehen-

119 884 246 960 duntur,
276 889 414 963 apparet
438 883 574 949 alteram
594 903 813 966 praepropera
836 881 992 948 adverbio
1016 883 1076 948 cito
1099 882 1219 948 totiens
1243 902 1301 949 re·

116 989 220 1070 petito
264 991 460 1069 respondere
504 990 633 1056 debere.
699 990 809 1069 itaque
855 1008 918 1054 non
956 1009 1195 1072 praepropera,
1236 991 1302 1056 sed

111 1117 335 1179 praepropere
373 1096 443 1162 iure
481 1103 534 1161 tuo
568 1097 765 1178 expectabis.
790 1133 832 1146 ·-
861 1097 944 1177 quod
978 1102 1107 1162 veteres
1152 1097 1301 1164 editores

118 1203 318 1284 seripserunt
350 1204 461 1269 orara‘a
495 1208 560 1269 tara
587 1224 739 1287 propera,
773 1204 1057 1285 praetereundum
1091 1205 1151 1269 boc
1179 1211 1301 1269 notan·

117 1309 201 1389 dum,
225 1309 414 1375 Kochium
433 1310 466 1375 iu
483 1312 677 1377 contrariam
695 1316 820 1393 partem
837 1312 1009 1377 luxuriare.
1044 1329 1115 1376 cum
1139 1309 1224 1376 enim
1246 1310 1302 1376 illi

116 1417 199 1482 satIs
230 1423 351 1482 temere
380 1436 462 1497 arrae
492 1418 538 1484 cis
562 1438 624 1483 non
652 1418 826 1499 placebant
849 1419 1042 1498 reciderent,
1070 1418 1122 1483 hic
1150 1417 1198 1482 ita
1227 1437 1301 1484 rem

117 1523 179 1588 sibi
203 1524 309 1589 fiuxit:
341 1525 452 1589 anania
476 1529 551 1590 tara
569 1525 827 1607 praecidatio
858 1545 969 1606 quarn
988 1518 1159 1607 propera
1182 1573 1190 1588 .
1217 1573 1226 1590 .
1254 1575 1262 1591 .
1291 1574 1301 1592 .

121 1631 173 1710 qui
190 1631 253 1695 etsi
268 1631 450 1697 laudandus
467 1637 518 1697 est
538 1633 621 1712 qrvod
640 1652 782 1715 propera
804 1651 867 1698 non
885 1652 1104 1715 praepropera
1126 1632 1159 1696 ln
1184 1632 1301 1698 codice

116 1744 246 1803 exstare
282 1744 402 1818 monet,
445 1738 649 1804 coniecturae
693 1738 831 1804 audacia
875 1759 997 1805 omnem
1033 1738 1301 1819 probabilitatem

116 1846 245 1909 excedit
262 1864 301 1909 ac
316 1863 420 1925 paene
436 1845 534 1910 risum
550 1850 669 1911 movet.
704 1851 739 1911 tu
755 1845 878 1912 scribes
893 1846 1000 1928 potius
1013 1847 1123 1912 omar'a
1139 1851 1301 1928 tanquam

111 1973 348 2034 properans:
372 1952 435 2017 iam
464 1953 570 2017 omnia
598 1953 716 2034 optIme
745 1971 781 2018 se
803 1954 978 2019 habebunt.
1024 1953 1171 2018 Marciae
1195 1952 1299 2020 filium

62 2128 70 2141 ,
114 2058 253 2139 scriptor
278 2059 441 2141 significat
469 2066 569 2125 totum
595 2079 720 2125 cursum
746 2061 834 2126 vitae
859 2061 951 2141 quasi
980 2061 1111 2125 deorum
1139 2059 1298 2126 beneficio

114 2166 178 2231 cito
206 2167 382 2249 peregisse,
407 2168 524 2249 quippe
549 2168 602 2248 qui
628 2168 657 2232 ei
682 2168 791 2234 iuveni
817 2168 867 2233 cui
897 2167 1046 2233 faverent
1081 2167 1204 2232 vellent
1236 2185 1299 2248 per

116 2272 264 2354 exiguum
278 2274 432 2354 temporis
445 2275 583 2355 spatium
597 2275 702 2341 omnia
718 2295 757 2340 ea
772 2277 857 2342 baua
874 2275 1061 2358 contingere
1078 2294 1161 2356 quae
1185 2274 1298 2340 multis

114 2398 176 2444 nou
200 2399 259 2460 per
287 2382 416 2462 longam
446 2383 545 2448 vitam
573 2390 607 2448 et
635 2383 837 2449 laboriosam.
891 2389 987 2464 atque
1016 2383 1049 2448 in
1077 2384 1136 2447 boo
1164 2381 1297 2462 potissi·

114 2505 198 2550 mum
225 2486 353 2568 dialogo
382 2488 480 2553 multo
509 2492 637 2569 saepius
666 2508 760 2569 quam
783 2489 817 2554 in
845 2489 963 2555 ceteris
988 2491 1131 2556 Senecae
1161 2488 1296 2569 scriptis

113 2595 288 2659 verborum
316 2594 396 2660 fines
425 2596 536 2661 mirum
566 2596 599 2661 in
627 2597 752 2662 modum
783 2597 945 2661 mutilatas
975 2615 1047 2661 esse
1072 2600 1211 2676 corastat;
1250 2595 1295 2661 of.

113 2699 309 2782 Madvigii
333 2702 486 2768 advers
529 2704 655 2769 critic.
679 2704 726 2770 11.
750 2724 781 2785 p.
801 2709 862 2769 343
882 2704 935 2769 ubi
960 2704 1123 2784 complura
1146 2703 1297 2784 exempla

115 2815 272 2889 congesta
296 2813 381 2873 sunt.

202 2914 275 2980 ibd.
291 2923 343 3001 22,
357 2920 391 2980 4:
405 2916 628 2981 decernebatur
638 2917 689 2982 r'lb'
701 2916 850 3001 (Seiano)
859 2922 968 2982 statua
977 2917 1015 2982 o‘a
1025 2917 1158 2999 Paraper¹
1169 2915 1294 2982 theatro

111 3023 273 3103 ponenda,
286 3024 371 3103 qaod
381 3027 526 3087 erastrrra
541 3023 657 3089 Cbesar
669 3023 830 3105 reficiebat.
865 3023 999 3088 offendit
1010 3023 1061 3089 bio
1074 3024 1214 3104 paullum
1227 3043 1295 3089 vox

114 3126 231 3193 Caesen
243 3128 313 3194 sine
327 3129 513 3209 pronomInc
524 3130 629 3211 posita
642 3130 725 3211 quod
738 3136 866 3196 constat
878 3151 897 3195 a
911 3131 1034 3197 Seneca
1047 3150 1117 3195 cum
1138 3137 1293 3210 tauquam
1316 3148 1322 3157 ·

113 3252 230 3298 novam
249 3253 417 3314 personam
434 3235 618 3318 introducit,
642 3237 826 3317 plerumque
845 3237 931 3303 addi.
962 3237 1009 3302 sic
1028 3236 1061 3302 C.
1081 3242 1156 3302 ante
1174 3235 1295 3302 Caesar

114 3341 161 3406 de
177 3340 301 3406 benef.
315 3342 395 3424 VII,
415 3350 498 3423 11,1
518 3342 698 3408 rectissime
710 3342 920 3409 Pincianus
934 3343 1069 3426 addidit,
1086 3344 1133 3408 sla
1149 3344 1293 3411 consol.

113 3446 160 3511 ad
183 3447 315 3530 Polyb.
343 3455 427 3529 15,5
452 3446 614 3529 Lipsius
638 3455 715 3514 ante
739 3448 855 3514 Caesar
867 3454 1008 3531 patrnos
1024 3472 1110 3516 oreas
1126 3451 1295 3531 supplevit

114 3553 170 3619 Ti.
218 3555 301 3634 quod
325 3560 359 3620 ct
381 3555 437 3619 illo
460 3556 529 3619 loco
546 3555 729 3621 necessario
745 3555 920 3636 requiritur
938 3563 971 3621 et
986 3557 1142 3637 perfacile
1158 3562 1295 3638 propter

110 3660 292 3726 litterarum
327 3661 567 3727 similitudinem
602 3682 658 3728 seu
694 3663 799 3743 potius
835 3663 1065 3744 aequalitatem
1102 3671 1175 3745 post
1206 3665 1296 3731 tollit

112 3768 262 3833 excidere
297 3774 435 3850 poterat.
497 3770 607 3850 itaque
641 3770 728 3835 baud
763 3770 916 3836 absonum
956 3771 1086 3836 videtur
1125 3771 1177 3836 hic
1216 3778 1295 3852 post

111 3879 256 3949 eeVSTI
281 3876 429 3957 supplere
463 3862 510 3949 131,
561 3895 749 3957 quamquam
783 3896 841 3958 pro
870 3882 961 3942 certa
989 3884 1085 3958 atque
1109 3877 1294 3948 inviolabili

111 3983 225 4064 regula
260 3985 341 4049 baec
374 3983 546 4050 venditare
579 3989 750 4064 nequeunt.
796 3989 884 4050 certe
908 3985 960 4050 ubi
998 3986 1085 4051 Livii
1122 3985 1294 4066 scriptoris

111 4091 230 4156 mentio
263 4091 412 4174 occurrit,
446 4110 572 4172 semper
605 4110 777 4171 pronomen
806 4093 942 4173 positum
971 4099 1032 4176 est,
1062 4093 1102 4158 cf.
1133 4092 1295 4162 Gertzii

110 4197 220 4263 studia
243 4198 356 4263 critica
380 4218 410 4280 p.
437 4207 493 4265 20:
529 4198 574 4263 ibi
598 4200 660 4264 duo
683 4198 746 4264 loci
769 4199 828 4264 soli
845 4199 1049 4282 refragantes
1066 4200 1292 4269 emendantur.

204 4305 301 4388 VIII,
337 4306 381 4371 de
413 4307 507 4390 otio,
540 4314 617 4389 2,1:
661 4306 717 4372 boo
747 4309 831 4389 qaod
861 4307 929 4374 dico
961 4309 999 4374 r'n
1034 4310 1115 4374 daras
1145 4308 1297 4378 0110101000
