<?xml version="1.0" encoding="UTF-8"?>
<!DOCTYPE html PUBLIC "-//W3C//DTD XHTML 1.0 Transitional//EN"
    "http://www.w3.org/TR/xhtml1/DTD/xhtml1-transitional.dtd">
<html xmlns="http://www.w3.org/1999/xhtml" xml:lang="en" lang="en">
 <head>
  <title>
</title>
<meta http-equiv="Content-Type" content="text/html;charset=utf-8" />
  <meta name='ocr-system' content='tesseract 3.04.00' />
  <meta name='ocr-capabilities' content='ocr_page ocr_carea ocr_par ocr_line ocrx_word'/>
</head>
<body>
  <div class='ocr_page' id='page_1' title='image "./delibrorumquoss00pfengoog_0011.png"; bbox 0 0 2820 4764; ppageno 0'>
   <div class='ocr_carea' id='block_1_1' title="bbox 52 237 1372 4168">
    <p class='ocr_par' dir='ltr' id='par_1_1' title="bbox 52 237 1296 960">
     <span class='ocr_line' id='line_1_1' title="bbox 689 237 707 295; baseline 0 0"><span class='ocrx_word' id='word_1_1' title='bbox 689 237 707 295; x_wconf 82' lang='lat'><strong>2</strong></span> 
     </span>
     <span class='ocr_line' id='line_1_2' title="bbox 106 440 1283 530; baseline 0.003 -19"><span class='ocrx_word' id='word_1_2' title='bbox 106 440 223 512; x_wconf 88' lang='lat' dir='ltr'><strong><em>deiude</em></strong></span> <span class='ocrx_word' id='word_1_3' title='bbox 238 445 501 528; x_wconf 76' lang='lat' dir='ltr'><strong><em>quemadmodum</em></strong></span> <span class='ocrx_word' id='word_1_4' title='bbox 516 466 575 511; x_wconf 89' lang='lat' dir='ltr'><strong><em>uos</em></strong></span> <span class='ocrx_word' id='word_1_5' title='bbox 595 445 635 511; x_wconf 94' lang='lat' dir='ltr'><strong><em>ab</em></strong></span> <span class='ocrx_word' id='word_1_6' title='bbox 659 445 719 510; x_wconf 86' lang='lat' dir='ltr'><strong><em>illa</em></strong></span> <span class='ocrx_word' id='word_1_7' title='bbox 742 445 917 529; x_wconf 78' lang='lat' dir='ltr'><strong><em>liberemus,</em></strong></span> <span class='ocrx_word' id='word_1_8' title='bbox 942 447 1111 512; x_wconf 73' lang='lat' dir='ltr'><strong><em>marusime</em></strong></span> <span class='ocrx_word' id='word_1_9' title='bbox 1134 451 1283 530; x_wconf 91' lang='lat' dir='ltr'><strong><em>quemad·</em></strong></span> 
     </span>
     <span class='ocr_line' id='line_1_3' title="bbox 105 552 1283 636; baseline 0.001 -18"><span class='ocrx_word' id='word_1_10' title='bbox 105 554 238 618; x_wconf 77' lang='lat' dir='ltr'><strong><em>modium</em></strong></span> <span class='ocrx_word' id='word_1_11' title='bbox 274 553 458 619; x_wconf 74' lang='lat' dir='ltr'><strong><em>irascentem</em></strong></span> <span class='ocrx_word' id='word_1_12' title='bbox 494 553 693 618; x_wconf 86' lang='lat' dir='ltr'><strong><em>reliueamus</em></strong></span> <span class='ocrx_word' id='word_1_13' title='bbox 723 552 945 636; x_wconf 72' lang='lat' dir='ltr'><strong><em>placemusque</em></strong></span> <span class='ocrx_word' id='word_1_14' title='bbox 976 558 1005 620; x_wconf 87' lang='lat' dir='ltr'><strong><em>el</em></strong></span> <span class='ocrx_word' id='word_1_15' title='bbox 1035 555 1079 620; x_wconf 92' lang='lat' dir='ltr'><strong><em>ad</em></strong></span> <span class='ocrx_word' id='word_1_16' title='bbox 1113 556 1283 621; x_wconf 84' lang='lat' dir='ltr'><strong><em>sauilalem</em></strong></span> 
     </span>
     <span class='ocr_line' id='line_1_4' title="bbox 105 660 1286 742; baseline 0.003 -17"><span class='ocrx_word' id='word_1_17' title='bbox 105 661 305 725; x_wconf 78' lang='lat' dir='ltr'><strong><em>redimamus.</em></strong></span> <span class='ocrx_word' id='word_1_18' title='bbox 358 680 402 725; x_wconf 89' lang='lat' dir='ltr'><strong><em>ue</em></strong></span> <span class='ocrx_word' id='word_1_19' title='bbox 429 661 609 725; x_wconf 88' lang='lat' dir='ltr'><strong><em>irascamur</em></strong></span> <span class='ocrx_word' id='word_1_20' title='bbox 631 660 882 742; x_wconf 75' lang='lat' dir='ltr'><strong><em>praestabimus,</em></strong></span> <span class='ocrx_word' id='word_1_21' title='bbox 911 661 941 725; x_wconf 90' lang='lat' dir='ltr'><strong><em>si</em></strong></span> <span class='ocrx_word' id='word_1_22' title='bbox 974 662 1086 726; x_wconf 89' lang='lat' dir='ltr'><strong><em>omuia</em></strong></span> <span class='ocrx_word' id='word_1_23' title='bbox 1113 662 1194 727; x_wconf 84' lang='lat' dir='ltr'><strong><em>uitia</em></strong></span> <span class='ocrx_word' id='word_1_24' title='bbox 1216 664 1286 728; x_wconf 91' lang='lat' dir='ltr'><strong><em>irae</em></strong></span> 
     </span>
     <span class='ocr_line' id='line_1_5' title="bbox 106 766 1296 852; baseline 0.002 -19"><span class='ocrx_word' id='word_1_25' title='bbox 106 767 201 834; x_wconf 83' lang='lat' dir='ltr'><strong><em>uobis</em></strong></span> <span class='ocrx_word' id='word_1_26' title='bbox 232 767 367 832; x_wconf 88' lang='lat' dir='ltr'><strong><em>subiude</em></strong></span> <span class='ocrx_word' id='word_1_27' title='bbox 392 766 652 849; x_wconf 74' lang='lat' dir='ltr'><strong><em>proposuerimus</em></strong></span> <span class='ocrx_word' id='word_1_28' title='bbox 680 814 688 832; x_wconf 85' lang='lat'><strong>.</strong></span> <span class='ocrx_word' id='word_1_29' title='bbox 713 816 720 832; x_wconf 88' lang='lat'><em>.</em></span> <span class='ocrx_word' id='word_1_30' title='bbox 746 814 788 832; x_wconf 86' lang='lat'><strong><em>..</em></strong></span> <span class='ocrx_word' id='word_1_31' title='bbox 819 768 1001 833; x_wconf 88' lang='lat' dir='ltr'><strong><em>accusauda</em></strong></span> <span class='ocrx_word' id='word_1_32' title='bbox 1028 772 1074 834; x_wconf 85' lang='lat' dir='ltr'><strong><em>est</em></strong></span> <span class='ocrx_word' id='word_1_33' title='bbox 1100 770 1189 851; x_wconf 89' lang='lat' dir='ltr'><strong><em>apud</em></strong></span> <span class='ocrx_word' id='word_1_34' title='bbox 1215 791 1296 852; x_wconf 78' lang='lat' dir='ltr'><strong><em>uos,-</em></strong></span> 
     </span>
     <span class='ocr_line' id='line_1_6' title="bbox 52 861 1050 960; baseline -0.003 -20"><span class='ocrx_word' id='word_1_35' title='bbox 52 956 54 960; x_wconf 6' lang='grc' dir='ltr'>μ</span> <span class='ocrx_word' id='word_1_36' title='bbox 106 875 301 940; x_wconf 88' lang='lat' dir='ltr'><strong><em>damuamda</em></strong></span> <span class='ocrx_word' id='word_1_37' title='bbox 325 922 333 938; x_wconf 90' lang='lat'><strong>.</strong></span> <span class='ocrx_word' id='word_1_38' title='bbox 360 921 368 938; x_wconf 86' lang='lat'><strong>.</strong></span> <span class='ocrx_word' id='word_1_39' title='bbox 393 921 434 939; x_wconf 88' lang='lat'><strong><em>..</em></strong></span> <span class='ocrx_word' id='word_1_40' title='bbox 1048 861 1050 865; x_wconf 38' lang='lat'><strong><em>¹</em></strong></span> 
     </span>
    </p>

    <p class='ocr_par' dir='ltr' id='par_1_2' title="bbox 107 977 1372 3099">
     <span class='ocr_line' id='line_1_7' title="bbox 198 977 1285 1062; baseline 0.001 -16"><span class='ocrx_word' id='word_1_41' title='bbox 198 977 295 1062; x_wconf 82' lang='lat' dir='ltr'><strong><em>quid?</em></strong></span> <span class='ocrx_word' id='word_1_42' title='bbox 323 998 429 1045; x_wconf 91' lang='lat' dir='ltr'><strong><em>nonne</em></strong></span> <span class='ocrx_word' id='word_1_43' title='bbox 459 980 571 1046; x_wconf 90' lang='lat' dir='ltr'><strong><em>eadem</em></strong></span> <span class='ocrx_word' id='word_1_44' title='bbox 595 980 732 1045; x_wconf 84' lang='lat' dir='ltr'><strong><em>materia</em></strong></span> <span class='ocrx_word' id='word_1_45' title='bbox 755 999 837 1061; x_wconf 88' lang='lat' dir='ltr'><strong><em>quae</em></strong></span> <span class='ocrx_word' id='word_1_46' title='bbox 861 998 919 1046; x_wconf 89' lang='lat' dir='ltr'><strong><em>nos</em></strong></span> <span class='ocrx_word' id='word_1_47' title='bbox 941 1000 1001 1062; x_wconf 90' lang='lat' dir='ltr'><strong><em>per</em></strong></span> <span class='ocrx_word' id='word_1_48' title='bbox 1024 985 1125 1046; x_wconf 86' lang='lat' dir='ltr'><strong><em>totam</em></strong></span> <span class='ocrx_word' id='word_1_49' title='bbox 1149 983 1285 1049; x_wconf 88' lang='lat' dir='ltr'><strong><em>alteram</em></strong></span> 
     </span>
     <span class='ocr_line' id='line_1_8' title="bbox 107 1086 1286 1171; baseline 0.001 -18"><span class='ocrx_word' id='word_1_50' title='bbox 107 1088 184 1154; x_wconf 87' lang='lat' dir='ltr'><strong><em>libri</em></strong></span> <span class='ocrx_word' id='word_1_51' title='bbox 216 1088 254 1153; x_wconf 92' lang='grc' dir='ltr'><strong><em>ΙΙ</em></strong></span> <span class='ocrx_word' id='word_1_52' title='bbox 287 1093 412 1169; x_wconf 87' lang='lat' dir='ltr'><strong><em>partem</em></strong></span> <span class='ocrx_word' id='word_1_53' title='bbox 445 1086 594 1171; x_wconf 82' lang='lat' dir='ltr'><strong><em>detinuit,</em></strong></span> <span class='ocrx_word' id='word_1_54' title='bbox 627 1106 711 1153; x_wconf 89' lang='lat' dir='ltr'><strong><em>nune</em></strong></span> <span class='ocrx_word' id='word_1_55' title='bbox 742 1087 834 1167; x_wconf 90' lang='lat' dir='ltr'><strong><em>quasi</em></strong></span> <span class='ocrx_word' id='word_1_56' title='bbox 868 1094 921 1154; x_wconf 81' lang='lat' dir='ltr'><strong><em>re&#39;s</em></strong></span> <span class='ocrx_word' id='word_1_57' title='bbox 953 1107 1084 1169; x_wconf 87' lang='lat' dir='ltr'><strong><em>prorsus</em></strong></span> <span class='ocrx_word' id='word_1_58' title='bbox 1117 1109 1202 1157; x_wconf 92' lang='lat' dir='ltr'><strong><em>nova</em></strong></span> <span class='ocrx_word' id='word_1_59' title='bbox 1233 1090 1286 1170; x_wconf 89' lang='lat' dir='ltr'><strong><em>sit,</em></strong></span> 
     </span>
     <span class='ocr_line' id='line_1_9' title="bbox 110 1189 1287 1280; baseline 0.001 -19"><span class='ocrx_word' id='word_1_60' title='bbox 110 1213 223 1261; x_wconf 80' lang='lat' dir='ltr'><strong><em>ruusus</em></strong></span> <span class='ocrx_word' id='word_1_61' title='bbox 246 1189 430 1260; x_wconf 79' lang='lat' dir='ltr'><strong><em>tractatur?</em></strong></span> <span class='ocrx_word' id='word_1_62' title='bbox 471 1198 567 1276; x_wconf 90' lang='lat' dir='ltr'><strong><em>atque</em></strong></span> <span class='ocrx_word' id='word_1_63' title='bbox 601 1213 699 1275; x_wconf 90' lang='lat' dir='ltr'><strong><em>supra</em></strong></span> <span class='ocrx_word' id='word_1_64' title='bbox 726 1194 879 1275; x_wconf 89' lang='lat' dir='ltr'><strong><em>bipertito</em></strong></span> <span class='ocrx_word' id='word_1_65' title='bbox 911 1195 1067 1278; x_wconf 89' lang='lat' dir='ltr'><strong><em>disposita</em></strong></span> <span class='ocrx_word' id='word_1_66' title='bbox 1090 1203 1172 1280; x_wconf 89' lang='lat' dir='ltr'><strong><em>erat,</em></strong></span> <span class='ocrx_word' id='word_1_67' title='bbox 1203 1216 1287 1262; x_wconf 89' lang='lat' dir='ltr'><strong><em>nunc</em></strong></span> 
     </span>
     <span class='ocr_line' id='line_1_10' title="bbox 109 1301 1287 1384; baseline -0.001 -15"><span class='ocrx_word' id='word_1_68' title='bbox 109 1303 144 1370; x_wconf 92' lang='lat' dir='ltr'><strong><em>in</em></strong></span> <span class='ocrx_word' id='word_1_69' title='bbox 167 1308 235 1368; x_wconf 89' lang='lat' dir='ltr'><strong><em>tres</em></strong></span> <span class='ocrx_word' id='word_1_70' title='bbox 259 1312 371 1384; x_wconf 85' lang='lat' dir='ltr'><strong><em>partes</em></strong></span> <span class='ocrx_word' id='word_1_71' title='bbox 400 1301 565 1368; x_wconf 87' lang='lat' dir='ltr'><strong><em>dividitur.</em></strong></span> <span class='ocrx_word' id='word_1_72' title='bbox 616 1307 714 1382; x_wconf 86' lang='lat' dir='ltr'><strong><em>atque</em></strong></span> <span class='ocrx_word' id='word_1_73' title='bbox 736 1301 840 1383; x_wconf 88' lang='lat' dir='ltr'><strong><em>prima</em></strong></span> <span class='ocrx_word' id='word_1_74' title='bbox 868 1302 995 1382; x_wconf 89' lang='lat' dir='ltr'><strong><em>quidem</em></strong></span> <span class='ocrx_word' id='word_1_75' title='bbox 1018 1322 1096 1384; x_wconf 89' lang='lat' dir='ltr'><strong><em>pers</em></strong></span> <span class='ocrx_word' id='word_1_76' title='bbox 1119 1303 1287 1384; x_wconf 83' lang='lat' dir='ltr'><strong><em>utrobique</em></strong></span> 
     </span>
     <span class='ocr_line' id='line_1_11' title="bbox 109 1406 1288 1490; baseline -0.001 -14"><span class='ocrx_word' id='word_1_77' title='bbox 109 1429 174 1476; x_wconf 89' lang='lat' dir='ltr'><strong><em>una</em></strong></span> <span class='ocrx_word' id='word_1_78' title='bbox 206 1411 381 1490; x_wconf 88' lang='lat' dir='ltr'><strong><em>eademque</em></strong></span> <span class='ocrx_word' id='word_1_79' title='bbox 405 1415 468 1476; x_wconf 88' lang='lat' dir='ltr'><strong><em>est:</em></strong></span> <span class='ocrx_word' id='word_1_80' title='bbox 498 1409 686 1490; x_wconf 80' lang='lat' dir='ltr'><strong><em>praecipere</em></strong></span> <span class='ocrx_word' id='word_1_81' title='bbox 715 1406 980 1489; x_wconf 89' lang='lat' dir='ltr'><strong><em>quemadmodum</em></strong></span> <span class='ocrx_word' id='word_1_82' title='bbox 1007 1429 1077 1476; x_wconf 90' lang='lat' dir='ltr'><strong><em>uou</em></strong></span> <span class='ocrx_word' id='word_1_83' title='bbox 1104 1411 1288 1476; x_wconf 83' lang='lat' dir='ltr'><strong><em>incidamus</em></strong></span> 
     </span>
     <span class='ocr_line' id='line_1_12' title="bbox 114 1515 1286 1598; baseline -0.002 -15"><span class='ocrx_word' id='word_1_84' title='bbox 114 1519 154 1583; x_wconf 88' lang='lat' dir='ltr'><strong><em>iu</em></strong></span> <span class='ocrx_word' id='word_1_85' title='bbox 176 1517 263 1582; x_wconf 89' lang='lat' dir='ltr'><strong><em>iram</em></strong></span> <span class='ocrx_word' id='word_1_86' title='bbox 286 1535 418 1597; x_wconf 87' lang='lat' dir='ltr'><strong><em>prorsus</em></strong></span> <span class='ocrx_word' id='word_1_87' title='bbox 442 1515 556 1581; x_wconf 89' lang='lat' dir='ltr'><strong><em>iisdem</em></strong></span> <span class='ocrx_word' id='word_1_88' title='bbox 579 1515 688 1582; x_wconf 82' lang='lat' dir='ltr'><strong><em>verbis</em></strong></span> <span class='ocrx_word' id='word_1_89' title='bbox 712 1534 788 1580; x_wconf 90' lang='lat' dir='ltr'><strong><em>usus</em></strong></span> <span class='ocrx_word' id='word_1_90' title='bbox 819 1515 958 1598; x_wconf 86' lang='lat' dir='ltr'><strong><em>scriptor</em></strong></span> <span class='ocrx_word' id='word_1_91' title='bbox 981 1517 1138 1598; x_wconf 86' lang='lat' dir='ltr'><strong><em>proponit.</em></strong></span> <span class='ocrx_word' id='word_1_92' title='bbox 1190 1517 1286 1582; x_wconf 90' lang='lat' dir='ltr'><strong><em>etiam</em></strong></span> 
     </span>
     <span class='ocr_line' id='line_1_13' title="bbox 112 1623 1289 1707; baseline -0.002 -17"><span class='ocrx_word' id='word_1_93' title='bbox 112 1629 239 1707; x_wconf 91' lang='lat' dir='ltr'><strong><em>partem</em></strong></span> <span class='ocrx_word' id='word_1_94' title='bbox 267 1625 404 1689; x_wconf 83' lang='lat' dir='ltr'><strong><em>alteram</em></strong></span> <span class='ocrx_word' id='word_1_95' title='bbox 427 1623 593 1704; x_wconf 88' lang='lat' dir='ltr'><strong><em>utriusque</em></strong></span> <span class='ocrx_word' id='word_1_96' title='bbox 616 1623 801 1703; x_wconf 89' lang='lat' dir='ltr'><strong><em>partitionis</em></strong></span> <span class='ocrx_word' id='word_1_97' title='bbox 825 1623 867 1687; x_wconf 88' lang='lat' dir='ltr'><strong><em>ad</em></strong></span> <span class='ocrx_word' id='word_1_98' title='bbox 891 1623 1026 1689; x_wconf 90' lang='lat' dir='ltr'><strong><em>eandem</em></strong></span> <span class='ocrx_word' id='word_1_99' title='bbox 1048 1643 1116 1689; x_wconf 89' lang='lat' dir='ltr'><strong><em>rem</em></strong></span> <span class='ocrx_word' id='word_1_100' title='bbox 1140 1630 1289 1704; x_wconf 89' lang='lat' dir='ltr'><strong><em>spectare</em></strong></span> 
     </span>
     <span class='ocr_line' id='line_1_14' title="bbox 111 1729 1289 1814; baseline -0.002 -16"><span class='ocrx_word' id='word_1_101' title='bbox 111 1732 284 1798; x_wconf 85' lang='lat' dir='ltr'><strong><em>concedes:</em></strong></span> <span class='ocrx_word' id='word_1_102' title='bbox 323 1750 397 1796; x_wconf 87' lang='lat' dir='ltr'><strong><em>nem</em></strong></span> <span class='ocrx_word' id='word_1_103' title='bbox 432 1729 548 1795; x_wconf 88' lang='lat' dir='ltr'><strong><em>docere</em></strong></span> <span class='ocrx_word' id='word_1_104' title='bbox 582 1729 845 1809; x_wconf 87' lang='lat' dir='ltr'><strong><em>quemadmodum</em></strong></span> <span class='ocrx_word' id='word_1_105' title='bbox 877 1730 915 1794; x_wconf 87' lang='lat' dir='ltr'><strong><em>ia</em></strong></span> <span class='ocrx_word' id='word_1_106' title='bbox 948 1731 1002 1793; x_wconf 87' lang='lat' dir='ltr'><strong><em>ira</em></strong></span> <span class='ocrx_word' id='word_1_107' title='bbox 1033 1751 1103 1796; x_wconf 87' lang='lat' dir='ltr'><strong><em>moa</em></strong></span> <span class='ocrx_word' id='word_1_108' title='bbox 1130 1752 1289 1814; x_wconf 84' lang='lat' dir='ltr'><strong><em>peccemus</em></strong></span> 
     </span>
     <span class='ocr_line' id='line_1_15' title="bbox 111 1835 1288 1925; baseline 0 -20"><span class='ocrx_word' id='word_1_109' title='bbox 111 1839 174 1925; x_wconf 88' lang='lat' dir='ltr'><strong><em>(II,</em></strong></span> <span class='ocrx_word' id='word_1_110' title='bbox 215 1835 270 1910; x_wconf 70' lang='grc'><strong><em>18)</em></strong></span> <span class='ocrx_word' id='word_1_111' title='bbox 305 1838 327 1904; x_wconf 89' lang='lat' dir='ltr'><strong><em>i.</em></strong></span> <span class='ocrx_word' id='word_1_112' title='bbox 362 1857 390 1904; x_wconf 91' lang='lat' dir='ltr'><strong><em>e.</em></strong></span> <span class='ocrx_word' id='word_1_113' title='bbox 426 1836 688 1918; x_wconf 85' lang='lat' dir='ltr'><strong><em>quemadmodum</em></strong></span> <span class='ocrx_word' id='word_1_114' title='bbox 726 1836 811 1901; x_wconf 86' lang='lat' dir='ltr'><strong><em>iram</em></strong></span> <span class='ocrx_word' id='word_1_115' title='bbox 844 1856 1081 1918; x_wconf 87' lang='lat' dir='ltr'><strong><em>compescamus,</em></strong></span> <span class='ocrx_word' id='word_1_116' title='bbox 1113 1843 1147 1903; x_wconf 94' lang='lat' dir='ltr'><strong><em>et</em></strong></span> <span class='ocrx_word' id='word_1_117' title='bbox 1179 1838 1288 1905; x_wconf 90' lang='lat' dir='ltr'><strong><em>dicere</em></strong></span> 
     </span>
     <span class='ocr_line' id='line_1_16' title="bbox 110 1943 1289 2029; baseline -0.001 -17"><span class='ocrx_word' id='word_1_118' title='bbox 110 1946 374 2029; x_wconf 89' lang='lat' dir='ltr'><strong><em>quemadmodum</em></strong></span> <span class='ocrx_word' id='word_1_119' title='bbox 402 1945 587 2010; x_wconf 83' lang='lat' dir='ltr'><strong><em>desiuauurs</em></strong></span> <span class='ocrx_word' id='word_1_120' title='bbox 623 1944 722 2009; x_wconf 86' lang='lat' dir='ltr'><strong><em>irasci</em></strong></span> <span class='ocrx_word' id='word_1_121' title='bbox 750 1949 783 2009; x_wconf 93' lang='lat' dir='ltr'><strong><em>et</em></strong></span> <span class='ocrx_word' id='word_1_122' title='bbox 810 1943 858 2008; x_wconf 88' lang='lat' dir='ltr'><strong><em>sic</em></strong></span> <span class='ocrx_word' id='word_1_123' title='bbox 885 1965 945 2010; x_wconf 86' lang='lat' dir='ltr'><strong><em>uos</em></strong></span> <span class='ocrx_word' id='word_1_124' title='bbox 972 1944 1011 2008; x_wconf 94' lang='lat' dir='ltr'><strong><em>ab</em></strong></span> <span class='ocrx_word' id='word_1_125' title='bbox 1039 1945 1094 2009; x_wconf 86' lang='lat' dir='ltr'><strong><em>ira</em></strong></span> <span class='ocrx_word' id='word_1_126' title='bbox 1124 1945 1289 2012; x_wconf 83' lang='lat' dir='ltr'><strong><em>biberemus</em></strong></span> 
     </span>
     <span class='ocr_line' id='line_1_17' title="bbox 112 2050 1287 2138; baseline 0 -19"><span class='ocrx_word' id='word_1_127' title='bbox 112 2052 195 2138; x_wconf 89' lang='grc' dir='ltr'>(ΙΙΙ,</span> <span class='ocrx_word' id='word_1_128' title='bbox 221 2055 265 2138; x_wconf 86' lang='grc'><strong><em>5),</em></strong></span> <span class='ocrx_word' id='word_1_129' title='bbox 291 2053 333 2118; x_wconf 89' lang='lat' dir='ltr'><strong><em>ad</em></strong></span> <span class='ocrx_word' id='word_1_130' title='bbox 348 2052 433 2118; x_wconf 89' lang='lat' dir='ltr'><strong><em>idem</em></strong></span> <span class='ocrx_word' id='word_1_131' title='bbox 457 2050 553 2117; x_wconf 77' lang='lat' dir='ltr'><strong><em>redit.</em></strong></span> <span class='ocrx_word' id='word_1_132' title='bbox 604 2051 681 2116; x_wconf 83' lang='lat' dir='ltr'><strong><em>lieet</em></strong></span> <span class='ocrx_word' id='word_1_133' title='bbox 709 2052 810 2117; x_wconf 91' lang='lat' dir='ltr'><strong><em>verba</em></strong></span> <span class='ocrx_word' id='word_1_134' title='bbox 838 2071 880 2116; x_wconf 88' lang='lat' dir='ltr'><strong><em>ue</em></strong></span> <span class='ocrx_word' id='word_1_135' title='bbox 903 2051 942 2116; x_wconf 89' lang='lat' dir='ltr'><strong><em>iu</em></strong></span> <span class='ocrx_word' id='word_1_136' title='bbox 964 2051 1018 2115; x_wconf 87' lang='lat' dir='ltr'><strong><em>ira</em></strong></span> <span class='ocrx_word' id='word_1_137' title='bbox 1041 2072 1200 2134; x_wconf 88' lang='lat' dir='ltr'><strong><em>peccemus</em></strong></span> <span class='ocrx_word' id='word_1_138' title='bbox 1224 2052 1287 2135; x_wconf 91' lang='grc' dir='ltr'>(ΙΙ,</span> 
     </span>
     <span class='ocr_line' id='line_1_18' title="bbox 113 2155 1289 2246; baseline -0.002 -18"><span class='ocrx_word' id='word_1_139' title='bbox 113 2159 169 2246; x_wconf 89' lang='lat'><strong><em>18)</em></strong></span> <span class='ocrx_word' id='word_1_140' title='bbox 199 2166 233 2226; x_wconf 92' lang='lat' dir='ltr'><strong><em>et</em></strong></span> <span class='ocrx_word' id='word_1_141' title='bbox 261 2160 526 2243; x_wconf 85' lang='lat' dir='ltr'><strong><em>quemadmodum</em></strong></span> <span class='ocrx_word' id='word_1_142' title='bbox 555 2180 614 2225; x_wconf 88' lang='lat' dir='ltr'><strong><em>uos</em></strong></span> <span class='ocrx_word' id='word_1_143' title='bbox 641 2159 680 2223; x_wconf 90' lang='lat' dir='ltr'><strong><em>ab</em></strong></span> <span class='ocrx_word' id='word_1_144' title='bbox 704 2158 764 2224; x_wconf 90' lang='lat' dir='ltr'><strong><em>illa</em></strong></span> <span class='ocrx_word' id='word_1_145' title='bbox 787 2158 952 2223; x_wconf 83' lang='lat' dir='ltr'><strong><em>liberemus</em></strong></span> <span class='ocrx_word' id='word_1_146' title='bbox 977 2155 1060 2242; x_wconf 90' lang='lat' dir='ltr'>(III,</span> <span class='ocrx_word' id='word_1_147' title='bbox 1091 2157 1124 2244; x_wconf 86' lang='lat'><strong><em>5)</em></strong></span> <span class='ocrx_word' id='word_1_148' title='bbox 1148 2161 1289 2241; x_wconf 89' lang='lat' dir='ltr'><strong><em>paullum</em></strong></span> 
     </span>
     <span class='ocr_line' id='line_1_19' title="bbox 111 2265 1289 2351; baseline -0.003 -16"><span class='ocrx_word' id='word_1_149' title='bbox 111 2265 197 2351; x_wconf 81' lang='lat' dir='ltr'><strong><em>vaga</em></strong></span> <span class='ocrx_word' id='word_1_150' title='bbox 232 2287 407 2349; x_wconf 89' lang='lat' dir='ltr'><strong><em>parumque</em></strong></span> <span class='ocrx_word' id='word_1_151' title='bbox 453 2265 664 2349; x_wconf 82' lang='lat' dir='ltr'><strong><em>congruentia</em></strong></span> <span class='ocrx_word' id='word_1_152' title='bbox 705 2266 887 2348; x_wconf 85' lang='lat' dir='ltr'><strong><em>videantur,</em></strong></span> <span class='ocrx_word' id='word_1_153' title='bbox 920 2285 960 2332; x_wconf 91' lang='lat' dir='ltr'><strong><em>ex</em></strong></span> <span class='ocrx_word' id='word_1_154' title='bbox 997 2265 1038 2331; x_wconf 90' lang='lat' dir='ltr'><strong><em>iis</em></strong></span> <span class='ocrx_word' id='word_1_155' title='bbox 1071 2286 1152 2348; x_wconf 87' lang='lat' dir='ltr'><strong><em>quae</em></strong></span> <span class='ocrx_word' id='word_1_156' title='bbox 1188 2268 1289 2348; x_wconf 89' lang='lat' dir='ltr'><strong><em>expli·</em></strong></span> 
     </span>
     <span class='ocr_line' id='line_1_20' title="bbox 111 2372 1289 2458; baseline -0.003 -16"><span class='ocrx_word' id='word_1_157' title='bbox 111 2376 248 2442; x_wconf 84' lang='lat' dir='ltr'><strong><em>cationis</em></strong></span> <span class='ocrx_word' id='word_1_158' title='bbox 264 2375 374 2458; x_wconf 83' lang='lat' dir='ltr'><strong><em>gratia</em></strong></span> <span class='ocrx_word' id='word_1_159' title='bbox 389 2379 524 2453; x_wconf 91' lang='lat' dir='ltr'><strong><em>utroque</em></strong></span> <span class='ocrx_word' id='word_1_160' title='bbox 539 2373 609 2437; x_wconf 85' lang='lat' dir='ltr'><strong><em>loeo</em></strong></span> <span class='ocrx_word' id='word_1_161' title='bbox 631 2372 760 2437; x_wconf 84' lang='lat' dir='ltr'><strong><em>adiecta</em></strong></span> <span class='ocrx_word' id='word_1_162' title='bbox 782 2379 866 2452; x_wconf 89' lang='lat' dir='ltr'><strong><em>sunt,</em></strong></span> <span class='ocrx_word' id='word_1_163' title='bbox 891 2372 972 2436; x_wconf 88' lang='lat' dir='ltr'><strong><em>illud</em></strong></span> <span class='ocrx_word' id='word_1_164' title='bbox 995 2373 1166 2438; x_wconf 86' lang='lat' dir='ltr'><strong><em>manifesta</em></strong></span> <span class='ocrx_word' id='word_1_165' title='bbox 1191 2393 1289 2456; x_wconf 89' lang='lat' dir='ltr'><strong><em>appa·</em></strong></span> 
     </span>
     <span class='ocr_line' id='line_1_21' title="bbox 111 2478 1289 2562; baseline -0.003 -13"><span class='ocrx_word' id='word_1_166' title='bbox 111 2488 172 2549; x_wconf 87' lang='lat' dir='ltr'><strong><em>ret.</em></strong></span> <span class='ocrx_word' id='word_1_167' title='bbox 226 2481 353 2548; x_wconf 85' lang='lat' dir='ltr'><strong><em>aceedit</em></strong></span> <span class='ocrx_word' id='word_1_168' title='bbox 389 2480 490 2562; x_wconf 81' lang='lat' dir='ltr'><strong><em>igitur</em></strong></span> <span class='ocrx_word' id='word_1_169' title='bbox 521 2480 555 2544; x_wconf 93' lang='lat' dir='ltr'><strong><em>in</em></strong></span> <span class='ocrx_word' id='word_1_170' title='bbox 592 2478 772 2560; x_wconf 90' lang='lat' dir='ltr'><strong><em>posteriore</em></strong></span> <span class='ocrx_word' id='word_1_171' title='bbox 804 2479 964 2543; x_wconf 85' lang='lat' dir='ltr'><strong><em>divisione</em></strong></span> <span class='ocrx_word' id='word_1_172' title='bbox 998 2479 1098 2559; x_wconf 87' lang='lat' dir='ltr'><strong><em>tertia</em></strong></span> <span class='ocrx_word' id='word_1_173' title='bbox 1131 2482 1289 2561; x_wconf 89' lang='lat' dir='ltr'><strong><em>quaedam</em></strong></span> 
     </span>
     <span class='ocr_line' id='line_1_22' title="bbox 112 2585 1372 2675; baseline -0.002 -20"><span class='ocrx_word' id='word_1_174' title='bbox 112 2608 189 2673; x_wconf 87' lang='lat' dir='ltr'><strong><em>pers</em></strong></span> <span class='ocrx_word' id='word_1_175' title='bbox 205 2589 331 2654; x_wconf 85' lang='lat' dir='ltr'><strong><em>alienae</em></strong></span> <span class='ocrx_word' id='word_1_176' title='bbox 346 2608 469 2671; x_wconf 88' lang='lat' dir='ltr'><strong><em>quoque</em></strong></span> <span class='ocrx_word' id='word_1_177' title='bbox 484 2587 554 2651; x_wconf 88' lang='lat' dir='ltr'><strong><em>irae</em></strong></span> <span class='ocrx_word' id='word_1_178' title='bbox 568 2586 689 2650; x_wconf 90' lang='lat' dir='ltr'><strong><em>mederi</em></strong></span> <span class='ocrx_word' id='word_1_179' title='bbox 695 2606 702 2668; x_wconf 89' lang='lat'><strong>;</strong></span> <span class='ocrx_word' id='word_1_180' title='bbox 720 2585 820 2651; x_wconf 84' lang='lat' dir='ltr'><strong><em>adicit</em></strong></span> <span class='ocrx_word' id='word_1_181' title='bbox 843 2585 968 2652; x_wconf 87' lang='lat' dir='ltr'><strong><em>Seneca</em></strong></span> <span class='ocrx_word' id='word_1_182' title='bbox 991 2586 1161 2653; x_wconf 84' lang='lat' dir='ltr'><strong><em>novissime</em></strong></span> <span class='ocrx_word' id='word_1_183' title='bbox 1185 2609 1290 2670; x_wconf 91' lang='lat' dir='ltr'><strong><em>quem·</em></strong></span> <span class='ocrx_word' id='word_1_184' title='bbox 1365 2664 1372 2675; x_wconf 26' lang='grc' dir='ltr'><strong>ι</strong></span> 
     </span>
     <span class='ocr_line' id='line_1_23' title="bbox 111 2693 1290 2776; baseline -0.003 -14"><span class='ocrx_word' id='word_1_185' title='bbox 111 2698 285 2762; x_wconf 87' lang='lat' dir='ltr'><strong><em>admodum</em></strong></span> <span class='ocrx_word' id='word_1_186' title='bbox 312 2696 498 2760; x_wconf 84' lang='lat' dir='ltr'><strong><em>irasceuiem</em></strong></span> <span class='ocrx_word' id='word_1_187' title='bbox 526 2694 722 2759; x_wconf 88' lang='lat' dir='ltr'><strong><em>reliueamus</em></strong></span> <span class='ocrx_word' id='word_1_188' title='bbox 744 2693 967 2776; x_wconf 78' lang='lat' dir='ltr'><strong><em>placemusque</em></strong></span> <span class='ocrx_word' id='word_1_189' title='bbox 993 2698 1022 2759; x_wconf 86' lang='lat' dir='ltr'><strong><em>et</em></strong></span> <span class='ocrx_word' id='word_1_190' title='bbox 1048 2695 1091 2758; x_wconf 91' lang='lat' dir='ltr'><strong><em>ad</em></strong></span> <span class='ocrx_word' id='word_1_191' title='bbox 1119 2695 1290 2760; x_wconf 84' lang='lat' dir='ltr'><strong><em>sanitatem</em></strong></span> 
     </span>
     <span class='ocr_line' id='line_1_24' title="bbox 110 2799 1289 2886; baseline -0.003 -16"><span class='ocrx_word' id='word_1_192' title='bbox 110 2805 310 2886; x_wconf 80' lang='lat' dir='ltr'><strong><em>redimamus,</em></strong></span> <span class='ocrx_word' id='word_1_193' title='bbox 335 2802 430 2867; x_wconf 85' lang='lat' dir='ltr'><strong><em>cuius</em></strong></span> <span class='ocrx_word' id='word_1_194' title='bbox 447 2800 510 2866; x_wconf 84' lang='lat' dir='ltr'><strong><em>loci</em></strong></span> <span class='ocrx_word' id='word_1_195' title='bbox 532 2800 566 2865; x_wconf 92' lang='lat' dir='ltr'><strong><em>in</em></strong></span> <span class='ocrx_word' id='word_1_196' title='bbox 588 2799 629 2865; x_wconf 88' lang='lat' dir='ltr'><strong><em>iis</em></strong></span> <span class='ocrx_word' id='word_1_197' title='bbox 652 2818 734 2881; x_wconf 90' lang='lat' dir='ltr'><strong><em>quae</em></strong></span> <span class='ocrx_word' id='word_1_198' title='bbox 758 2800 955 2866; x_wconf 88' lang='lat' dir='ltr'><strong><em>antecedunt</em></strong></span> <span class='ocrx_word' id='word_1_199' title='bbox 978 2801 1171 2867; x_wconf 85' lang='lat' dir='ltr'><strong><em>mentionem</em></strong></span> <span class='ocrx_word' id='word_1_200' title='bbox 1195 2821 1289 2883; x_wconf 88' lang='lat' dir='ltr'><strong><em>peen-</em></strong></span> 
     </span>
     <span class='ocr_line' id='line_1_25' title="bbox 113 2908 1289 2989; baseline -0.002 -14"><span class='ocrx_word' id='word_1_201' title='bbox 113 2911 227 2976; x_wconf 90' lang='lat' dir='ltr'><strong><em>liarem</em></strong></span> <span class='ocrx_word' id='word_1_202' title='bbox 251 2915 317 2975; x_wconf 88' lang='lat' dir='ltr'><strong><em>tam</em></strong></span> <span class='ocrx_word' id='word_1_203' title='bbox 342 2909 472 2974; x_wconf 86' lang='lat' dir='ltr'><strong><em>disertis</em></strong></span> <span class='ocrx_word' id='word_1_204' title='bbox 496 2909 720 2989; x_wconf 84' lang='lat' dir='ltr'><strong><em>expressisque</em></strong></span> <span class='ocrx_word' id='word_1_205' title='bbox 744 2909 853 2975; x_wconf 90' lang='lat' dir='ltr'><strong><em>verbis</em></strong></span> <span class='ocrx_word' id='word_1_206' title='bbox 878 2928 971 2989; x_wconf 87' lang='lat' dir='ltr'><strong><em>quem</em></strong></span> <span class='ocrx_word' id='word_1_207' title='bbox 995 2908 1048 2974; x_wconf 87' lang='lat' dir='ltr'><strong><em>hic</em></strong></span> <span class='ocrx_word' id='word_1_208' title='bbox 1071 2909 1191 2975; x_wconf 87' lang='lat' dir='ltr'><strong><em>factem</em></strong></span> <span class='ocrx_word' id='word_1_209' title='bbox 1216 2928 1289 2974; x_wconf 89' lang='lat' dir='ltr'><strong><em>nus-</em></strong></span> 
     </span>
     <span class='ocr_line' id='line_1_26' title="bbox 113 3016 895 3099; baseline -0.006 -16"><span class='ocrx_word' id='word_1_210' title='bbox 113 3037 209 3099; x_wconf 90' lang='lat' dir='ltr'><strong><em>quam</em></strong></span> <span class='ocrx_word' id='word_1_211' title='bbox 233 3016 389 3083; x_wconf 86' lang='lat' dir='ltr'><strong><em>iuvenies.</em></strong></span> <span class='ocrx_word' id='word_1_212' title='bbox 436 3016 517 3080; x_wconf 88' lang='lat' dir='ltr'><strong><em>haec</em></strong></span> <span class='ocrx_word' id='word_1_213' title='bbox 540 3034 598 3096; x_wconf 88' lang='lat' dir='ltr'><strong><em>pro</em></strong></span> <span class='ocrx_word' id='word_1_214' title='bbox 623 3021 711 3080; x_wconf 88' lang='lat' dir='ltr'><strong><em>certo</em></strong></span> <span class='ocrx_word' id='word_1_215' title='bbox 735 3020 895 3078; x_wconf 86' lang='lat' dir='ltr'><strong><em>constant.</em></strong></span> 
     </span>
    </p>

    <p class='ocr_par' dir='ltr' id='par_1_3' title="bbox 113 3119 1290 3527">
     <span class='ocr_line' id='line_1_27' title="bbox 204 3119 1290 3204; baseline -0.003 -17"><span class='ocrx_word' id='word_1_216' title='bbox 204 3122 359 3204; x_wconf 91' lang='lat' dir='ltr'><strong><em>quomodo</em></strong></span> <span class='ocrx_word' id='word_1_217' title='bbox 382 3122 445 3187; x_wconf 89' lang='lat' dir='ltr'><strong><em>hee</em></strong></span> <span class='ocrx_word' id='word_1_218' title='bbox 469 3121 552 3195; x_wconf 91' lang='lat' dir='ltr'><strong><em>duae</em></strong></span> <span class='ocrx_word' id='word_1_219' title='bbox 576 3120 767 3200; x_wconf 88' lang='lat' dir='ltr'><strong><em>partitiones</em></strong></span> <span class='ocrx_word' id='word_1_220' title='bbox 794 3121 827 3184; x_wconf 93' lang='lat' dir='ltr'><strong><em>in</em></strong></span> <span class='ocrx_word' id='word_1_221' title='bbox 852 3119 994 3185; x_wconf 87' lang='lat' dir='ltr'><strong><em>eiusdem</em></strong></span> <span class='ocrx_word' id='word_1_222' title='bbox 1023 3119 1129 3201; x_wconf 91' lang='lat' dir='ltr'><strong><em>operis</em></strong></span> <span class='ocrx_word' id='word_1_223' title='bbox 1151 3119 1290 3185; x_wconf 85' lang='lat' dir='ltr'><strong><em>diversis</em></strong></span> 
     </span>
     <span class='ocr_line' id='line_1_28' title="bbox 113 3226 1290 3313; baseline -0.004 -17"><span class='ocrx_word' id='word_1_224' title='bbox 113 3231 261 3313; x_wconf 87' lang='lat' dir='ltr'><strong><em>partibus</em></strong></span> <span class='ocrx_word' id='word_1_225' title='bbox 297 3232 503 3293; x_wconf 86' lang='lat' dir='ltr'><strong><em>occurrentes</em></strong></span> <span class='ocrx_word' id='word_1_226' title='bbox 528 3226 623 3301; x_wconf 88' lang='lat' dir='ltr'><strong><em>inter</em></strong></span> <span class='ocrx_word' id='word_1_227' title='bbox 657 3244 692 3292; x_wconf 87' lang='lat' dir='ltr'><strong><em>se</em></strong></span> <span class='ocrx_word' id='word_1_228' title='bbox 728 3226 893 3292; x_wconf 87' lang='lat' dir='ltr'><strong><em>conciliari</em></strong></span> <span class='ocrx_word' id='word_1_229' title='bbox 929 3235 1072 3309; x_wconf 89' lang='lat' dir='ltr'><strong><em>possunt,</em></strong></span> <span class='ocrx_word' id='word_1_230' title='bbox 1098 3226 1290 3308; x_wconf 90' lang='lat' dir='ltr'><strong><em>partitiones</em></strong></span> 
     </span>
     <span class='ocr_line' id='line_1_29' title="bbox 114 3332 1288 3417; baseline -0.002 -13"><span class='ocrx_word' id='word_1_231' title='bbox 114 3338 198 3404; x_wconf 90' lang='lat' dir='ltr'><strong><em>duae</em></strong></span> <span class='ocrx_word' id='word_1_232' title='bbox 214 3370 216 3375; x_wconf 96' lang='lat'>·</span> <span class='ocrx_word' id='word_1_233' title='bbox 231 3353 363 3417; x_wconf 88' lang='lat' dir='ltr'><strong><em>quarum</em></strong></span> <span class='ocrx_word' id='word_1_234' title='bbox 398 3333 558 3415; x_wconf 90' lang='lat' dir='ltr'><strong><em>posterior</em></strong></span> <span class='ocrx_word' id='word_1_235' title='bbox 592 3332 731 3415; x_wconf 86' lang='lat' dir='ltr'><strong><em>priorem</em></strong></span> <span class='ocrx_word' id='word_1_236' title='bbox 761 3338 861 3399; x_wconf 89' lang='lat' dir='ltr'><strong><em>totam</em></strong></span> <span class='ocrx_word' id='word_1_237' title='bbox 892 3340 989 3415; x_wconf 89' lang='lat' dir='ltr'><strong><em>atque</em></strong></span> <span class='ocrx_word' id='word_1_238' title='bbox 1017 3334 1180 3416; x_wconf 86' lang='lat' dir='ltr'><strong><em>integram</em></strong></span> <span class='ocrx_word' id='word_1_239' title='bbox 1205 3354 1288 3404; x_wconf 88' lang='lat' dir='ltr'><strong><em>com·</em></strong></span> 
     </span>
     <span class='ocr_line' id='line_1_30' title="bbox 113 3440 691 3527; baseline -0.009 -16"><span class='ocrx_word' id='word_1_240' title='bbox 113 3443 268 3527; x_wconf 86' lang='lat' dir='ltr'><strong><em>plectitur</em></strong></span> <span class='ocrx_word' id='word_1_241' title='bbox 290 3460 354 3507; x_wconf 90' lang='lat' dir='ltr'><strong><em>uno</em></strong></span> <span class='ocrx_word' id='word_1_242' title='bbox 377 3441 518 3508; x_wconf 90' lang='lat' dir='ltr'><strong><em>membro</em></strong></span> <span class='ocrx_word' id='word_1_243' title='bbox 541 3440 691 3507; x_wconf 81' lang='lat' dir='ltr'><strong><em>adiecto?</em></strong></span> 
     </span>
    </p>

    <p class='ocr_par' dir='ltr' id='par_1_4' title="bbox 116 3547 1294 4168">
     <span class='ocr_line' id='line_1_31' title="bbox 203 3547 1292 3633; baseline -0.004 -17"><span class='ocrx_word' id='word_1_244' title='bbox 203 3548 336 3631; x_wconf 87' lang='lat' dir='ltr'><strong><em>Lipsius</em></strong></span> <span class='ocrx_word' id='word_1_245' title='bbox 344 3547 377 3633; x_wconf 87' lang='lat'><strong><em>*)</em></strong></span> <span class='ocrx_word' id='word_1_246' title='bbox 404 3549 532 3630; x_wconf 90' lang='lat' dir='ltr'><strong><em>quidem</em></strong></span> <span class='ocrx_word' id='word_1_247' title='bbox 560 3569 693 3631; x_wconf 89' lang='lat' dir='ltr'><strong><em>eumque</em></strong></span> <span class='ocrx_word' id='word_1_248' title='bbox 722 3549 791 3615; x_wconf 87' lang='lat' dir='ltr'><strong><em>fere</em></strong></span> <span class='ocrx_word' id='word_1_249' title='bbox 820 3568 928 3614; x_wconf 91' lang='lat' dir='ltr'><strong><em>omnes</em></strong></span> <span class='ocrx_word' id='word_1_250' title='bbox 957 3549 1041 3630; x_wconf 90' lang='lat' dir='ltr'><strong><em>quod</em></strong></span> <span class='ocrx_word' id='word_1_251' title='bbox 1064 3550 1164 3616; x_wconf 89' lang='lat' dir='ltr'><strong><em>sciam</em></strong></span> <span class='ocrx_word' id='word_1_252' title='bbox 1187 3548 1292 3614; x_wconf 88' lang='lat' dir='ltr'><strong><em>secuti</em></strong></span> 
     </span>
     <span class='ocr_line' id='line_1_32' title="bbox 116 3656 1293 3740; baseline -0.004 -16"><span class='ocrx_word' id='word_1_253' title='bbox 116 3661 231 3740; x_wconf 89' lang='lat' dir='ltr'><strong><em>putant</em></strong></span> <span class='ocrx_word' id='word_1_254' title='bbox 254 3656 390 3721; x_wconf 88' lang='lat' dir='ltr'><strong><em>alteram</em></strong></span> <span class='ocrx_word' id='word_1_255' title='bbox 414 3660 538 3738; x_wconf 87' lang='lat' dir='ltr'><strong><em>partem</em></strong></span> <span class='ocrx_word' id='word_1_256' title='bbox 564 3656 732 3724; x_wconf 88' lang='lat' dir='ltr'><strong><em>divisionis</em></strong></span> <span class='ocrx_word' id='word_1_257' title='bbox 754 3656 930 3738; x_wconf 86' lang='lat' dir='ltr'><strong><em>bipertitae</em></strong></span> <span class='ocrx_word' id='word_1_258' title='bbox 953 3677 995 3722; x_wconf 88' lang='lat' dir='ltr'><strong><em>ue</em></strong></span> <span class='ocrx_word' id='word_1_259' title='bbox 1013 3657 1053 3721; x_wconf 86' lang='lat' dir='ltr'><strong><em>iu</em></strong></span> <span class='ocrx_word' id='word_1_260' title='bbox 1067 3657 1122 3721; x_wconf 89' lang='lat' dir='ltr'><strong><em>ira</em></strong></span> <span class='ocrx_word' id='word_1_261' title='bbox 1132 3675 1293 3738; x_wconf 87' lang='lat' dir='ltr'><strong><em>peccemus</em></strong></span> 
     </span>
     <span class='ocr_line' id='line_1_33' title="bbox 116 3761 1292 3849; baseline -0.003 -19"><span class='ocrx_word' id='word_1_262' title='bbox 116 3766 157 3831; x_wconf 92' lang='lat' dir='ltr'><strong><em>ab</em></strong></span> <span class='ocrx_word' id='word_1_263' title='bbox 185 3762 278 3829; x_wconf 90' lang='lat' dir='ltr'><strong><em>initia</em></strong></span> <span class='ocrx_word' id='word_1_264' title='bbox 308 3761 383 3827; x_wconf 92' lang='lat' dir='ltr'><strong><em>libri</em></strong></span> <span class='ocrx_word' id='word_1_265' title='bbox 417 3763 506 3827; x_wconf 80' lang='lat' dir='ltr'><strong><em>tertii</em></strong></span> <span class='ocrx_word' id='word_1_266' title='bbox 539 3762 695 3830; x_wconf 86' lang='lat' dir='ltr'><strong><em>Senecam</em></strong></span> <span class='ocrx_word' id='word_1_267' title='bbox 719 3763 861 3844; x_wconf 84' lang='lat' dir='ltr'><strong><em>exsequi,</em></strong></span> <span class='ocrx_word' id='word_1_268' title='bbox 883 3764 1093 3829; x_wconf 87' lang='lat' dir='ltr'><strong><em>vehementer</em></strong></span> <span class='ocrx_word' id='word_1_269' title='bbox 1116 3766 1292 3849; x_wconf 79' lang='lat' dir='ltr'><strong><em>aperteque</em></strong></span> 
     </span>
     <span class='ocr_line' id='line_1_34' title="bbox 117 3868 1292 3950; baseline -0.004 -12"><span class='ocrx_word' id='word_1_270' title='bbox 117 3875 274 3938; x_wconf 80' lang='lat' dir='ltr'><strong><em>errantes</em></strong></span> <span class='ocrx_word' id='word_1_271' title='bbox 324 3869 419 3934; x_wconf 91' lang='lat' dir='ltr'><strong><em>immo</em></strong></span> <span class='ocrx_word' id='word_1_272' title='bbox 454 3874 546 3950; x_wconf 90' lang='lat' dir='ltr'><strong><em>patet</em></strong></span> <span class='ocrx_word' id='word_1_273' title='bbox 573 3875 698 3936; x_wconf 89' lang='lat' dir='ltr'><strong><em>tantum</em></strong></span> <span class='ocrx_word' id='word_1_274' title='bbox 728 3871 842 3936; x_wconf 87' lang='lat' dir='ltr'><strong><em>abesse</em></strong></span> <span class='ocrx_word' id='word_1_275' title='bbox 871 3873 907 3935; x_wconf 86' lang='lat' dir='ltr'><strong><em>ut</em></strong></span> <span class='ocrx_word' id='word_1_276' title='bbox 934 3868 1060 3936; x_wconf 86' lang='lat' dir='ltr'><strong><em>Seneca</em></strong></span> <span class='ocrx_word' id='word_1_277' title='bbox 1090 3868 1172 3934; x_wconf 89' lang='lat' dir='ltr'><strong><em>libro</em></strong></span> <span class='ocrx_word' id='word_1_278' title='bbox 1195 3869 1292 3934; x_wconf 91' lang='lat' dir='ltr'><strong><em>tertio</em></strong></span> 
     </span>
     <span class='ocr_line' id='line_1_35' title="bbox 117 3975 1294 4058; baseline -0.005 -13"><span class='ocrx_word' id='word_1_279' title='bbox 117 3978 159 4045; x_wconf 88' lang='lat' dir='ltr'><strong><em>ad</em></strong></span> <span class='ocrx_word' id='word_1_280' title='bbox 190 3995 231 4042; x_wconf 90' lang='lat' dir='ltr'><strong><em>ea</em></strong></span> <span class='ocrx_word' id='word_1_281' title='bbox 261 3993 343 4056; x_wconf 86' lang='lat' dir='ltr'><strong><em>quae</em></strong></span> <span class='ocrx_word' id='word_1_282' title='bbox 367 3976 472 4042; x_wconf 86' lang='lat' dir='ltr'><strong><em>altera</em></strong></span> <span class='ocrx_word' id='word_1_283' title='bbox 495 3983 589 4058; x_wconf 89' lang='lat' dir='ltr'><strong><em>parte</em></strong></span> <span class='ocrx_word' id='word_1_284' title='bbox 613 3976 748 4043; x_wconf 88' lang='lat' dir='ltr'><strong><em>alterius</em></strong></span> <span class='ocrx_word' id='word_1_285' title='bbox 772 3976 901 4042; x_wconf 84' lang='lat' dir='ltr'><strong><em>dixerat</em></strong></span> <span class='ocrx_word' id='word_1_286' title='bbox 923 3975 1089 4056; x_wconf 83' lang='lat' dir='ltr'><strong><em>respiciat,</em></strong></span> <span class='ocrx_word' id='word_1_287' title='bbox 1114 3975 1229 4040; x_wconf 91' lang='lat' dir='ltr'><strong><em>nedum</em></strong></span> <span class='ocrx_word' id='word_1_288' title='bbox 1254 3993 1294 4040; x_wconf 88' lang='lat' dir='ltr'><strong><em>ea</em></strong></span> 
     </span>
     <span class='ocr_line' id='line_1_36' title="bbox 119 4081 1293 4168; baseline -0.003 -18"><span class='ocrx_word' id='word_1_289' title='bbox 119 4083 291 4160; x_wconf 87' lang='lat' dir='ltr'><strong><em>continuet,</em></strong></span> <span class='ocrx_word' id='word_1_290' title='bbox 324 4085 360 4147; x_wconf 88' lang='lat' dir='ltr'><strong><em>ut</em></strong></span> <span class='ocrx_word' id='word_1_291' title='bbox 393 4087 506 4148; x_wconf 86' lang='lat' dir='ltr'><strong><em>contra</em></strong></span> <span class='ocrx_word' id='word_1_292' title='bbox 541 4084 634 4165; x_wconf 91' lang='lat' dir='ltr'><strong><em>quasi</em></strong></span> <span class='ocrx_word' id='word_1_293' title='bbox 668 4084 747 4150; x_wconf 91' lang='lat' dir='ltr'><strong><em>nihil</em></strong></span> <span class='ocrx_word' id='word_1_294' title='bbox 778 4083 904 4168; x_wconf 87' lang='lat' dir='ltr'><strong><em>omnino</em></strong></span> <span class='ocrx_word' id='word_1_295' title='bbox 937 4086 1034 4148; x_wconf 91' lang='lat' dir='ltr'><strong><em>antea</em></strong></span> <span class='ocrx_word' id='word_1_296' title='bbox 1059 4082 1099 4148; x_wconf 90' lang='lat' dir='ltr'><strong><em>de</em></strong></span> <span class='ocrx_word' id='word_1_297' title='bbox 1122 4081 1173 4147; x_wconf 88' lang='lat' dir='ltr'><strong><em>his</em></strong></span> <span class='ocrx_word' id='word_1_298' title='bbox 1196 4081 1293 4146; x_wconf 87' lang='lat' dir='ltr'><strong><em>rebus</em></strong></span> 
     </span>
    </p>
   </div>
   <div class='ocr_carea' id='block_1_2' title="bbox 208 4291 823 4388">
    <p class='ocr_par' dir='ltr' id='par_1_5' title="bbox 208 4291 823 4388">
     <span class='ocr_line' id='line_1_37' title="bbox 208 4291 823 4388; baseline 0.008 -41"><span class='ocrx_word' id='word_1_299' title='bbox 208 4291 823 4388; x_wconf 40' lang='lat' dir='ltr'><strong><em>&amp;mmmmmssmssmmd</em></strong></span> 
     </span>
    </p>
   </div>
   <div class='ocr_carea' id='block_1_3' title="bbox 0 0 1422 4764">
    <p class='ocr_par' dir='ltr' id='par_1_6' title="bbox 0 0 1422 4764">
     <span class='ocr_line' id='line_1_38' title="bbox 0 0 1422 4764; baseline 0 0"><span class='ocrx_word' id='word_1_300' title='bbox 0 0 1422 4764; x_wconf 95' lang='lat' dir='ltr'><strong><em> </em></strong></span> 
     </span>
    </p>
   </div>
  </div>
 </body>
</html>
