2820 4764
573 316 614 323 „-
657 231 700 292 44

89 441 232 507 feritas
268 441 461 522 appellatur,
495 439 549 505 ubi
583 445 724 506 ceterum
765 440 989 505 crudelitatem
1025 458 1135 505 rursus
1174 441 1273 521 peius
1380 453 1382 456 ‘

90 546 256 627 maiusque
284 547 434 627 quiddam
468 566 540 612 esse
575 547 776 630 significatur
807 566 900 628 qnam
930 546 1108 613 feritatem:
1261 597 1271 612 .

89 655 306 736 demaenetum
330 658 382 735 est,
407 653 442 718 hi
457 654 515 734 poli
530 653 618 738 oolpo
632 654 781 719 soccitant
801 658 832 718 et
853 654 1013 739 sanquine
1027 653 1173 720 hnmano
1185 675 1271 740 pon·

90 763 173 845 dent,
198 781 245 827 on
267 761 453 826 irascantur
475 782 546 826 ιιιιιι
573 781 623 825 cos
646 761 791 826 occidam
813 781 833 825 o
856 761 972 842 putidos
999 781 1055 826 neo
1081 767 1272 844 omcpennnt

89 868 252 934 iniuriam
275 889 331 933 mec
354 868 501 950 occepisse
523 868 589 949 ipsa
611 889 643 933 se
665 868 866 933 existimant:
899 868 1006 949 quotis
1026 867 1093 950 fnit
1114 867 1270 951 Appollo-

91 976 188 1040 doroc
211 980 270 1040 ont
289 975 484 1040 Phaloria.
532 975 604 1039 hoec
628 994 697 1040 non
719 978 763 1040 ast
786 975 848 1054 iro,
872 973 1011 1057 feritas
1033 979 1087 1040 est
1088 1024 1269 1042 ......

90 1083 178 1168 oripo
201 1083 299 1147 h-nc'ns
322 1082 463 1146 anolini
488 1082 541 1146 ira
570 1086 624 1162 est,
656 1101 739 1164 paroc
770 1082 826 1146 nbi
854 1080 1016 1164 frequenti
1045 1083 1207 1148 committi

89 1195 119 1257 et
140 1190 281 1255 sotietate
304 1190 346 1253 in
371 1188 601 1254 oblivionem
624 1188 847 1254 cleonentioe
870 1189 987 1254 venit.
1096 1190 1272 1256 onesimo

91 1297 134 1362 in
164 1296 433 1362 cnrcdelitotem
466 1298 594 1360 transit.
730 1343 737 1359 .
794 1295 974 1375 clementia,
1008 1299 1044 1360 ut
1075 1295 1270 1363 Aristotelis

91 1403 227 1469 termino
250 1409 335 1484 utar,
361 1403 555 1483 παρέκβασιν
584 1403 691 1468 habet.
717 1404 821 1467 altera
845 1408 937 1482 parte
961 1402 1186 1469 crudelitatem
1206 1405 1268 1470 vel

91 1511 266 1592 taritatem,
292 1511 397 1574 altera
420 1509 669 1574 misericordiam
694 1509 748 1594 (de
773 1510 862 1575 clem.
888 1510 934 1592 II,
960 1511 1071 1594 4-6).

180 1618 261 1683 ibid
284 1618 312 1699 I,
339 1624 417 1699 o,1:
438 1637 535 1702 prorae
552 1620 653 1699 potos
674 1617 759 1699 eropi
774 1617 925 1698 loquendi
939 1617 1112 1682 arbitrium
1128 1617 1267 1704 rapidius,

92 1725 176 1808 qnod
199 1723 376 1789 barnillimi
398 1721 538 1788 hadent?
570 1723 641 1804 ista,
665 1724 777 1804 inparis
803 1724 866 1804 (Ns
888 1723 1019 1807 inquit),
1041 1724 1175 1789 sanitate
1207 1730 1267 1807 eat,

90 1851 160 1897 non
183 1831 362 1914 imperinm.
387 1827 488 1911 qnid?
515 1834 555 1894 tn
584 1849 662 1894 non
692 1830 881 1911 cooperitis
913 1831 1020 1895 istud
1049 1831 1160 1898 nobie
1190 1853 1268 1898 esse

91 1938 162 2002 tibi
184 1935 426 2002 seruitutem?
449 1937 517 2001 alio
540 1937 681 2002 condicio
703 1942 747 2002 cst
769 1959 879 2002 cortem
903 1938 959 2019 qni
982 1940 1020 2004 in
1043 1939 1139 2004 turdo
1163 1988 1171 2004 .
1198 1987 1205 2003 .
1229 1989 1266 2004 ..

35 2076 38 2085 ·
91 2043 199 2126 loteon,
224 2065 362 2127 quornm
384 2049 413 2109 et
434 2045 565 2109 uirtutes
588 2047 625 2109 nt
649 2045 830 2126 adporcont
852 2046 910 2110 din
938 2045 1102 2111 lactamina
1129 2050 1159 2111 et
1184 2030 1267 2112 nitio

91 2151 234 2218 tenebras
257 2150 388 2216 hubent:
410 2155 513 2217 oestro
535 2150 623 2234 facto
646 2152 789 2233 dictoque
812 2173 924 2216 rccmor
947 2152 1063 2234 excipit
1087 2201 1267 2219 ......

90 2257 208 2324 codicis
242 2258 422 2351 Nanariani
453 2258 615 2339 scriptura
647 2257 699 2339 bio
731 2257 902 2323 manifesto
936 2259 1088 2324 mendosa
1121 2264 1188 2341 est3
1221 2261 1266 2326 ad

89 2365 300 2446 supplendam
329 2365 522 2430 sententiam
554 2364 674 2446 aliquid
707 2365 919 2430 desideratur.
977 2365 1057 2430 satis
1089 2365 1266 2433 infeliciter

89 2474 238 2539 Haase:
263 2477 298 2536 tn
319 2493 387 2538 non
403 2473 558 2554 capiendis
580 2473 784 2554 imperinm
808 2474 894 2537 istud
908 2494 970 2538 esso
993 2473 1093 2555 nobis,
1118 2473 1176 2538 tibi
1197 2496 1264 2540 sco·-

88 2577 240 2645 vitutem?
263 2584 409 2644 neutrum
433 2579 599 2660 intellege,
625 2598 684 2644 nec
707 2579 863 2659 quomodo
888 2580 1054 2645 arbitrium
1085 2581 1186 2646 libere
1217 2582 1264 2648 lo·
1300 2582 1304 2589 '

89 2687 216 2769 quendi,
241 2686 324 2767 quod
348 2687 515 2751 humillimi
538 2686 668 2769 babent,
694 2687 863 2768 imperium
890 2688 952 2752 dici
977 2687 1088 2772 possit,
1119 2707 1178 2754 neo
1205 2708 1265 2755 cur

88 2795 171 2860 idem
196 2802 261 2859 tam
286 2794 369 2859 nude
386 2794 593 2875 absoluteque
609 2795 746 2875 principi
763 2794 952 2860 servitutem
968 2795 1137 2877 impingat.
1160 2816 1264 2878 neque

88 2902 201 2967 melior
225 2901 379 2969 Gertzii
406 2901 590 2966 coniectura
613 2921 670 2982 pro
702 2902 790 2967 istud
817 2904 899 2969 sicot
930 2902 1115 2985 scribentis3
1149 2904 1182 2969 in
1215 2905 1264 2970 eis

89 3013 173 3075 enim
197 3028 278 3089 quae
307 3009 515 3089 insequuntur
538 3015 662 3074 tantum
687 3010 779 3074 abest
807 3017 843 3075 nt
873 3010 1076 3075 condiciones
1108 3009 1263 3091 principis

88 3122 123 3181 et
144 3115 359 3180 multitudinis
383 3134 478 3195 pares
503 3133 574 3180 esse
599 3116 755 3197 dicantur,
780 3121 950 3181 utcontra
980 3117 1127 3199 graviter
1156 3118 1263 3183 altera

88 3222 186 3288 alteri
214 3226 403 3304 opponatur.
456 3221 644 3288 Gronovii
681 3229 812 3288 conatus
852 3224 1001 3304 optimum
1043 3228 1093 3289 est
1130 3243 1263 3306 prorsus

88 3331 251 3411 omittere;
276 3349 317 3395 ne
332 3330 446 3396 multa:
470 3330 639 3395 lenissima
654 3331 780 3396 medela
804 3331 978 3411 eademque
1002 3331 1186 3397 necessaria
1210 3340 1263 3398 est

88 3437 200 3502 addita
224 3438 395 3520 negatione
419 3437 466 3502 sic
490 3438 646 3503 scribere:
670 3437 772 3519 qnid?
805 3444 841 3504 tn
871 3460 941 3504 oon
972 3440 1126 3522 capacitis
1158 3439 1263 3506 istoct

86 3545 305 3624 dedicasse,
330 3564 405 3606 non
430 3546 504 3610 tibi
530 3544 771 3611 seruitutem?
798 3583 840 3591 —
869 3548 949 3612 baec
972 3547 1113 3612 obvertit
1136 3547 1263 3613 Seneca

87 3649 224 3718 Neroni:
257 3653 317 3718 duo
342 3672 412 3718 cum
437 3653 560 3717 faciunt
583 3653 678 3736 idem,
710 3672 772 3718 non
803 3663 853 3719 est
883 3655 976 3719 idem.
1031 3655 1137 3719 tenuis
1168 3656 1260 3720 bomo

87 3763 184 3839 atquc
207 3758 316 3824 infima
339 3761 379 3824 de
404 3766 500 3841 gente
524 3765 620 3824 natus
645 3760 706 3825 nisi
727 3761 857 3843 linguae
874 3766 907 3826 et
922 3762 991 3827 irae
1008 3780 1126 3827 morem
1143 3781 1260 3844 gerere

86 3867 216 3948 poterit,
241 3867 404 3932 videbitur
428 3867 488 3931 sibi
504 3866 618 3931 infelix
634 3886 672 3932 ao
689 3886 802 3934 servus
819 3886 900 3951 esse,
917 3874 950 3933 et
965 3869 1124 3935 interdum
1142 3887 1261 3934 revera

86 3975 217 4056 poterit,
242 3975 327 4060 quia,
351 3973 499 4054 quicquid
523 3973 648 4052 fecerit,
674 3994 801 4056 semper
824 3975 856 4039 in
881 3976 975 4040 turba
1004 3976 1154 4042 obscurus
1177 3976 1260 4042 late-

86 4081 147 4146 bit:
172 4101 192 4146 a
215 4081 359 4162 principe
385 4085 497 4146 contra
525 4101 645 4146 summo
673 4082 741 4147 loco
772 4083 927 4148 collocato
956 4083 1099 4148 condicio
1128 4083 1196 4149 eius
1225 4092 1261 4150 et

84 4194 251 4269 respectus
274 4188 380 4254 lamae
404 4189 504 4269 ipsius
528 4189 699 4270 imperiose
723 4190 826 4272 exigit
850 4199 885 4255 ut
907 4209 942 4256 se
964 4196 1112 4255 coerceat
1141 4197 1174 4256 et
1207 4209 1258 4256 re-

86 4296 204 4378 frenet,
222 4296 297 4375 quia
314 4296 382 4362 eius
403 4295 488 4379 focio
513 4297 657 4379 dictoque
679 4318 794 4362 amnon
816 4298 931 4380 ancipit
953 4304 986 4363 et
1009 4300 1260 4381 quadratumque
