<?xml version="1.0" encoding="UTF-8"?>
<!DOCTYPE html PUBLIC "-//W3C//DTD XHTML 1.0 Transitional//EN"
    "http://www.w3.org/TR/xhtml1/DTD/xhtml1-transitional.dtd">
<html xmlns="http://www.w3.org/1999/xhtml" xml:lang="en" lang="en">
 <head>
  <title>
</title>
<meta http-equiv="Content-Type" content="text/html;charset=utf-8" />
  <meta name='ocr-system' content='tesseract 3.04.00' />
  <meta name='ocr-capabilities' content='ocr_page ocr_carea ocr_par ocr_line ocrx_word'/>
</head>
<body>
  <div class='ocr_page' id='page_1' title='image "./delibrorumquoss00pfengoog_0050.png"; bbox 0 0 2820 4764; ppageno 0'>
   <div class='ocr_carea' id='block_1_1' title="bbox 589 247 801 339">
    <p class='ocr_par' dir='ltr' id='par_1_1' title="bbox 589 247 801 339">
     <span class='ocr_line' id='line_1_1' title="bbox 589 247 801 339; baseline -0.009 0"><span class='ocrx_word' id='word_1_1' title='bbox 589 247 801 339; x_wconf 50' lang='grc' dir='ltr'><strong><em>ΔΙ..</em></strong></span> 
     </span>
    </p>
   </div>
   <div class='ocr_carea' id='block_1_2' title="bbox 49 451 1338 4390">
    <p class='ocr_par' dir='ltr' id='par_1_2' title="bbox 103 451 1287 2138">
     <span class='ocr_line' id='line_1_2' title="bbox 103 451 1283 542; baseline -0.008 -19"><span class='ocrx_word' id='word_1_2' title='bbox 103 462 229 542; x_wconf 81' lang='lat' dir='ltr'><strong><em>portes:</em></strong></span> <span class='ocrx_word' id='word_1_3' title='bbox 263 456 420 540; x_wconf 81' lang='lat' dir='ltr'><strong><em>primam,</em></strong></span> <span class='ocrx_word' id='word_1_4' title='bbox 450 460 487 520; x_wconf 81' lang='lat' dir='ltr'><strong><em>et</em></strong></span> <span class='ocrx_word' id='word_1_5' title='bbox 511 456 613 538; x_wconf 78' lang='lat' dir='ltr'><em>possit</em></span> <span class='ocrx_word' id='word_1_6' title='bbox 640 455 759 538; x_wconf 79' lang='lat' dir='ltr'><strong><em>aliquis</em></strong></span> <span class='ocrx_word' id='word_1_7' title='bbox 786 453 832 518; x_wconf 88' lang='lat' dir='ltr'><strong><em>ool</em></strong></span> <span class='ocrx_word' id='word_1_8' title='bbox 855 451 1005 534; x_wconf 80' lang='lat' dir='ltr'><strong><em>aprima</em></strong></span> <span class='ocrx_word' id='word_1_9' title='bbox 1029 453 1128 514; x_wconf 83' lang='lat' dir='ltr'><strong><em>aetate</em></strong></span> <span class='ocrx_word' id='word_1_10' title='bbox 1150 453 1283 515; x_wconf 67' lang='lat' dir='ltr'><strong><em>conmun-</em></strong></span> 
     </span>
     <span class='ocr_line' id='line_1_3' title="bbox 105 556 1284 648; baseline -0.009 -18"><span class='ocrx_word' id='word_1_11' title='bbox 105 564 248 648; x_wconf 82' lang='lat' dir='ltr'><strong><em>plotiome&#39;</em></strong></span> <span class='ocrx_word' id='word_1_12' title='bbox 278 563 425 629; x_wconf 79' lang='lat' dir='ltr'><strong><em>meritolis</em></strong></span> <span class='ocrx_word' id='word_1_13' title='bbox 454 566 552 626; x_wconf 84' lang='lat' dir='ltr'><strong><em>totam</em></strong></span> <span class='ocrx_word' id='word_1_14' title='bbox 581 583 612 627; x_wconf 90' lang='lat' dir='ltr'><strong><em>se</em></strong></span> <span class='ocrx_word' id='word_1_15' title='bbox 641 562 773 644; x_wconf 82' lang='lat' dir='ltr'><strong><em>tradere,</em></strong></span> <span class='ocrx_word' id='word_1_16' title='bbox 802 560 961 624; x_wconf 82' lang='lat' dir='ltr'><strong><em>rationem</em></strong></span> <span class='ocrx_word' id='word_1_17' title='bbox 983 556 1112 622; x_wconf 77' lang='lat' dir='ltr'><strong><em>vtoatot</em></strong></span> <span class='ocrx_word' id='word_1_18' title='bbox 1135 575 1284 637; x_wconf 73' lang='lat' dir='ltr'><strong><em>quaerere</em></strong></span> 
     </span>
     <span class='ocr_line' id='line_1_4' title="bbox 109 662 1285 754; baseline -0.011 -17"><span class='ocrx_word' id='word_1_19' title='bbox 109 677 202 754; x_wconf 80' lang='lat' dir='ltr'><strong><em>atque</em></strong></span> <span class='ocrx_word' id='word_1_20' title='bbox 223 691 361 736; x_wconf 76' lang='lat' dir='ltr'><strong><em>exercere</em></strong></span> <span class='ocrx_word' id='word_1_21' title='bbox 382 673 512 750; x_wconf 68' lang='lat' dir='ltr'><strong><em>secreta·</em></strong></span> <span class='ocrx_word' id='word_1_22' title='bbox 547 668 660 733; x_wconf 82' lang='lat' dir='ltr'><strong><em>deinde</em></strong></span> <span class='ocrx_word' id='word_1_23' title='bbox 681 671 719 732; x_wconf 81' lang='lat' dir='ltr'><strong><em>ut</em></strong></span> <span class='ocrx_word' id='word_1_24' title='bbox 736 666 837 748; x_wconf 84' lang='lat' dir='ltr'><strong>possit</strong></span> <span class='ocrx_word' id='word_1_25' title='bbox 859 664 915 730; x_wconf 80' lang='lat' dir='ltr'><strong><em>hoo</em></strong></span> <span class='ocrx_word' id='word_1_26' title='bbox 930 663 1050 746; x_wconf 76' lang='lat' dir='ltr'><strong><em>aliquis</em></strong></span> <span class='ocrx_word' id='word_1_27' title='bbox 1064 663 1202 728; x_wconf 76' lang='lat' dir='ltr'><strong><em>erueretis</em></strong></span> <span class='ocrx_word' id='word_1_28' title='bbox 1217 662 1285 726; x_wconf 81' lang='lat' dir='ltr'><strong><em>leur</em></strong></span> 
     </span>
     <span class='ocr_line' id='line_1_5' title="bbox 105 768 1285 864; baseline -0.012 -18"><span class='ocrx_word' id='word_1_29' title='bbox 105 778 286 864; x_wconf 83' lang='lat' dir='ltr'><strong><em>stipeodiis‚</em></strong></span> <span class='ocrx_word' id='word_1_30' title='bbox 314 776 504 862; x_wconf 70' lang='lat' dir='ltr'><strong><em>proilipoloe</em></strong></span> <span class='ocrx_word' id='word_1_31' title='bbox 533 776 654 856; x_wconf 81' lang='lat' dir='ltr'><strong><em>aetolis,</em></strong></span> <span class='ocrx_word' id='word_1_32' title='bbox 686 776 758 840; x_wconf 81' lang='lat' dir='ltr'><strong><em>inre</em></strong></span> <span class='ocrx_word' id='word_1_33' title='bbox 788 774 905 855; x_wconf 81' lang='lat' dir='ltr'><strong><em>optimo</em></strong></span> <span class='ocrx_word' id='word_1_34' title='bbox 933 773 1037 855; x_wconf 81' lang='lat' dir='ltr'><strong><em>fecere</em></strong></span> <span class='ocrx_word' id='word_1_35' title='bbox 1059 775 1092 835; x_wconf 83' lang='lat' dir='ltr'><strong><em>et</em></strong></span> <span class='ocrx_word' id='word_1_36' title='bbox 1115 770 1162 835; x_wconf 84' lang='lat' dir='ltr'><strong><em>ad</em></strong></span> <span class='ocrx_word' id='word_1_37' title='bbox 1185 768 1285 833; x_wconf 85' lang='lat' dir='ltr'><strong><em>alios</em></strong></span> 
     </span>
     <span class='ocr_line' id='line_1_6' title="bbox 110 875 1285 968; baseline -0.01 -16"><span class='ocrx_word' id='word_1_38' title='bbox 110 891 216 952; x_wconf 82' lang='lat' dir='ltr'><strong><em>oetas</em></strong></span> <span class='ocrx_word' id='word_1_39' title='bbox 245 885 395 951; x_wconf 75' lang='lat' dir='ltr'><strong><em>opimos</em></strong></span> <span class='ocrx_word' id='word_1_40' title='bbox 416 883 563 966; x_wconf 79' lang='lat' dir='ltr'><strong><em>referre</em></strong></span> <span class='ocrx_word' id='word_1_41' title='bbox 585 883 750 968; x_wconf 76' lang='lat' dir='ltr'><strong><em>oirpinam</em></strong></span> <span class='ocrx_word' id='word_1_42' title='bbox 780 881 950 946; x_wconf 77' lang='lat' dir='ltr'><strong><em>Vestalium</em></strong></span> <span class='ocrx_word' id='word_1_43' title='bbox 973 899 1058 944; x_wconf 81' lang='lat' dir='ltr'><strong><em>more</em></strong></span> <span class='ocrx_word' id='word_1_44' title='bbox 1080 898 1162 959; x_wconf 79' lang='lat' dir='ltr'><strong><em>ortae</em></strong></span> <span class='ocrx_word' id='word_1_45' title='bbox 1184 875 1285 941; x_wconf 81' lang='lat' dir='ltr'><strong><em>onmis</em></strong></span> 
     </span>
     <span class='ocr_line' id='line_1_7' title="bbox 108 984 1283 1075; baseline -0.01 -17"><span class='ocrx_word' id='word_1_46' title='bbox 108 995 195 1059; x_wconf 79' lang='lat' dir='ltr'><strong><em>iuter</em></strong></span> <span class='ocrx_word' id='word_1_47' title='bbox 218 991 322 1075; x_wconf 78' lang='lat' dir='ltr'><strong><em>offitio</em></strong></span> <span class='ocrx_word' id='word_1_48' title='bbox 344 990 457 1056; x_wconf 78' lang='lat' dir='ltr'><strong><em>diuisis</em></strong></span> <span class='ocrx_word' id='word_1_49' title='bbox 477 992 604 1056; x_wconf 83' lang='lat' dir='ltr'><strong><em>discant</em></strong></span> <span class='ocrx_word' id='word_1_50' title='bbox 617 990 720 1073; x_wconf 72' lang='lat' dir='ltr'><strong><em>forme</em></strong></span> <span class='ocrx_word' id='word_1_51' title='bbox 734 1009 826 1055; x_wconf 80' lang='lat' dir='ltr'><strong><em>suero</em></strong></span> <span class='ocrx_word' id='word_1_52' title='bbox 842 993 871 1053; x_wconf 87' lang='lat' dir='ltr'><strong><em>et</em></strong></span> <span class='ocrx_word' id='word_1_53' title='bbox 884 1009 954 1052; x_wconf 80' lang='lat' dir='ltr'><strong><em>cnm</em></strong></span> <span class='ocrx_word' id='word_1_54' title='bbox 971 987 1153 1051; x_wconf 80' lang='lat' dir='ltr'><strong><em>didicerunt</em></strong></span> <span class='ocrx_word' id='word_1_55' title='bbox 1167 984 1283 1049; x_wconf 81' lang='lat' dir='ltr'><strong><em>elocent.</em></strong></span> 
     </span>
     <span class='ocr_line' id='line_1_8' title="bbox 107 1090 1286 1182; baseline -0.009 -18"><span class='ocrx_word' id='word_1_56' title='bbox 107 1101 231 1166; x_wconf 84' lang='lat' dir='ltr'><strong><em>dnobus</em></strong></span> <span class='ocrx_word' id='word_1_57' title='bbox 254 1099 355 1182; x_wconf 83' lang='lat' dir='ltr'><strong><em>igitur</em></strong></span> <span class='ocrx_word' id='word_1_58' title='bbox 378 1098 536 1163; x_wconf 91' lang='lat' dir='ltr'><strong><em>hominum</em></strong></span> <span class='ocrx_word' id='word_1_59' title='bbox 561 1097 733 1179; x_wconf 81' lang='lat' dir='ltr'><strong><em>generibus</em></strong></span> <span class='ocrx_word' id='word_1_60' title='bbox 757 1095 827 1160; x_wconf 87' lang='lat' dir='ltr'><strong><em>vita</em></strong></span> <span class='ocrx_word' id='word_1_61' title='bbox 843 1096 948 1159; x_wconf 86' lang='lat' dir='ltr'><strong><em>otiosa</em></strong></span> <span class='ocrx_word' id='word_1_62' title='bbox 964 1093 1164 1173; x_wconf 86' lang='lat' dir='ltr'><strong><em>eoneeditur;</em></strong></span> <span class='ocrx_word' id='word_1_63' title='bbox 1189 1090 1286 1154; x_wconf 91' lang='lat' dir='ltr'><strong><em>alteri</em></strong></span> 
     </span>
     <span class='ocr_line' id='line_1_9' title="bbox 108 1195 1285 1288; baseline -0.01 -17"><span class='ocrx_word' id='word_1_64' title='bbox 108 1226 130 1271; x_wconf 92' lang='lat' dir='ltr'><strong><em>a</em></strong></span> <span class='ocrx_word' id='word_1_65' title='bbox 166 1207 270 1287; x_wconf 91' lang='lat' dir='ltr'><strong><em>prima</em></strong></span> <span class='ocrx_word' id='word_1_66' title='bbox 304 1211 422 1285; x_wconf 90' lang='lat' dir='ltr'><strong><em>aetate,</em></strong></span> <span class='ocrx_word' id='word_1_67' title='bbox 452 1212 516 1276; x_wconf 79' lang='grc' dir='ltr'><em>τοῖς</em></span> <span class='ocrx_word' id='word_1_68' title='bbox 538 1209 754 1288; x_wconf 57' lang='lat' dir='ltr'><strong><em>eremitanis,</em></strong></span> <span class='ocrx_word' id='word_1_69' title='bbox 790 1201 885 1266; x_wconf 86' lang='lat' dir='ltr'><strong><em>alteri</em></strong></span> <span class='ocrx_word' id='word_1_70' title='bbox 925 1201 1068 1266; x_wconf 89' lang='lat' dir='ltr'><strong><em>emeritis</em></strong></span> <span class='ocrx_word' id='word_1_71' title='bbox 1105 1195 1285 1278; x_wconf 87' lang='lat' dir='ltr'><strong><em>stipendiis,</em></strong></span> 
     </span>
     <span class='ocr_line' id='line_1_10' title="bbox 109 1304 1286 1398; baseline -0.007 -23"><span class='ocrx_word' id='word_1_72' title='bbox 109 1321 174 1385; x_wconf 70' lang='grc' dir='ltr'><em>τοῖς</em></span> <span class='ocrx_word' id='word_1_73' title='bbox 202 1319 392 1398; x_wconf 78' lang='grc' dir='ltr'><strong><em>πρακτικοῖς,</em></strong></span> <span class='ocrx_word' id='word_1_74' title='bbox 420 1315 529 1376; x_wconf 90' lang='lat' dir='ltr'><strong><em>aetate</em></strong></span> <span class='ocrx_word' id='word_1_75' title='bbox 559 1310 735 1390; x_wconf 81' lang='lat' dir='ltr'><strong>provectis:</strong></span> <span class='ocrx_word' id='word_1_76' title='bbox 778 1309 980 1389; x_wconf 87' lang='lat' dir='ltr'><strong><em>quiquidem</em></strong></span> <span class='ocrx_word' id='word_1_77' title='bbox 1004 1326 1073 1372; x_wconf 77' lang='lat' dir='ltr'><strong><em>eunt</em></strong></span> <span class='ocrx_word' id='word_1_78' title='bbox 1098 1304 1286 1372; x_wconf 83' lang='lat' dir='ltr'>Vestalibus</span> 
     </span>
     <span class='ocr_line' id='line_1_11' title="bbox 109 1413 1285 1500; baseline -0.009 -15"><span class='ocrx_word' id='word_1_79' title='bbox 109 1424 337 1500; x_wconf 79' lang='lat' dir='ltr'><strong><em>comparantur</em></strong></span> <span class='ocrx_word' id='word_1_80' title='bbox 352 1437 435 1499; x_wconf 83' lang='lat' dir='ltr'><strong><em>quae</em></strong></span> <span class='ocrx_word' id='word_1_81' title='bbox 457 1417 591 1499; x_wconf 89' lang='lat' dir='ltr'><strong><em>primum</em></strong></span> <span class='ocrx_word' id='word_1_82' title='bbox 610 1417 737 1481; x_wconf 82' lang='lat' dir='ltr'><strong><em>distant</em></strong></span> <span class='ocrx_word' id='word_1_83' title='bbox 759 1435 854 1481; x_wconf 87' lang='lat' dir='ltr'><strong><em>saera</em></strong></span> <span class='ocrx_word' id='word_1_84' title='bbox 870 1415 988 1494; x_wconf 83' lang='lat' dir='ltr'><strong><em>faeere,</em></strong></span> <span class='ocrx_word' id='word_1_85' title='bbox 1006 1413 1122 1479; x_wconf 90' lang='lat' dir='ltr'><strong><em>deinde</em></strong></span> <span class='ocrx_word' id='word_1_86' title='bbox 1139 1414 1285 1478; x_wconf 79' lang='lat' dir='ltr'><strong><em>doceant.</em></strong></span> 
     </span>
     <span class='ocr_line' id='line_1_12' title="bbox 109 1520 1287 1608; baseline -0.007 -17"><span class='ocrx_word' id='word_1_87' title='bbox 109 1527 161 1592; x_wconf 88' lang='lat' dir='ltr'><strong><em>hie</em></strong></span> <span class='ocrx_word' id='word_1_88' title='bbox 176 1544 315 1608; x_wconf 56' lang='lat' dir='ltr'><strong><em>,prorsus</em></strong></span> <span class='ocrx_word' id='word_1_89' title='bbox 340 1526 485 1606; x_wconf 86' lang='lat' dir='ltr'><strong><em>obseura,</em></strong></span> <span class='ocrx_word' id='word_1_90' title='bbox 509 1525 557 1589; x_wconf 89' lang='lat' dir='ltr'><strong><em>ita</em></strong></span> <span class='ocrx_word' id='word_1_91' title='bbox 581 1533 615 1589; x_wconf 91' lang='lat' dir='ltr'><strong><em>ut</em></strong></span> <span class='ocrx_word' id='word_1_92' title='bbox 639 1523 785 1605; x_wconf 80' lang='lat' dir='ltr'>intellegi</span> <span class='ocrx_word' id='word_1_93' title='bbox 809 1529 981 1608; x_wconf 81' lang='lat' dir='ltr'><strong><em>nequeant,</em></strong></span> <span class='ocrx_word' id='word_1_94' title='bbox 998 1527 1073 1586; x_wconf 90' lang='lat' dir='ltr'><strong><em>sunt</em></strong></span> <span class='ocrx_word' id='word_1_95' title='bbox 1088 1523 1169 1585; x_wconf 86' lang='lat' dir='ltr'><strong><em>haee</em></strong></span> <span class='ocrx_word' id='word_1_96' title='bbox 1184 1520 1287 1585; x_wconf 87' lang='lat' dir='ltr'><strong><em>verba</em></strong></span> 
     </span>
     <span class='ocr_line' id='line_1_13' title="bbox 110 1628 1287 1715; baseline -0.006 -16"><span class='ocrx_word' id='word_1_97' title='bbox 110 1634 223 1715; x_wconf 89' lang='lat' dir='ltr'><strong><em>quibus</em></strong></span> <span class='ocrx_word' id='word_1_98' title='bbox 252 1633 366 1698; x_wconf 90' lang='lat' dir='ltr'><strong><em>merito</em></strong></span> <span class='ocrx_word' id='word_1_99' title='bbox 400 1651 525 1697; x_wconf 88' lang='lat' dir='ltr'><strong><em>ernoem</em></strong></span> <span class='ocrx_word' id='word_1_100' title='bbox 560 1631 707 1712; x_wconf 83' lang='lat' dir='ltr'><strong><em>appinxit</em></strong></span> <span class='ocrx_word' id='word_1_101' title='bbox 740 1631 878 1697; x_wconf 84' lang='lat' dir='ltr'><strong><em>Gertz:</em></strong></span> <span class='ocrx_word' id='word_1_102' title='bbox 918 1634 953 1695; x_wconf 83' lang='lat' dir='ltr'><strong><em>et</em></strong></span> <span class='ocrx_word' id='word_1_103' title='bbox 980 1630 1028 1694; x_wconf 86' lang='lat' dir='ltr'><strong><em>od</em></strong></span> <span class='ocrx_word' id='word_1_104' title='bbox 1055 1628 1157 1693; x_wconf 82' lang='lat' dir='ltr'><strong><em>otios</em></strong></span> <span class='ocrx_word' id='word_1_105' title='bbox 1180 1630 1287 1692; x_wconf 85' lang='lat' dir='ltr'><strong><em>octos</em></strong></span> 
     </span>
     <span class='ocr_line' id='line_1_14' title="bbox 108 1735 1287 1824; baseline -0.008 -17"><span class='ocrx_word' id='word_1_106' title='bbox 108 1742 259 1807; x_wconf 75' lang='lat' dir='ltr'><strong><em>opimos</em></strong></span> <span class='ocrx_word' id='word_1_107' title='bbox 290 1740 451 1824; x_wconf 68' lang='lat' dir='ltr'><strong><em>referre·</em></strong></span> <span class='ocrx_word' id='word_1_108' title='bbox 495 1739 542 1804; x_wconf 88' lang='lat' dir='ltr'><strong><em>sie</em></strong></span> <span class='ocrx_word' id='word_1_109' title='bbox 575 1739 658 1804; x_wconf 89' lang='lat' dir='ltr'><strong><em>enim</em></strong></span> <span class='ocrx_word' id='word_1_110' title='bbox 692 1739 831 1804; x_wconf 79' lang='lat' dir='ltr'><strong><em>opimos</em></strong></span> <span class='ocrx_word' id='word_1_111' title='bbox 863 1737 963 1802; x_wconf 87' lang='lat' dir='ltr'><strong><em>habet</em></strong></span> <span class='ocrx_word' id='word_1_112' title='bbox 991 1737 1060 1801; x_wconf 88' lang='lat' dir='ltr'><strong><em>eod.</em></strong></span> <span class='ocrx_word' id='word_1_113' title='bbox 1086 1735 1128 1817; x_wconf 89' lang='lat' dir='ltr'><strong><em>A,</em></strong></span> <span class='ocrx_word' id='word_1_114' title='bbox 1154 1753 1227 1818; x_wconf 75' lang='lat' dir='ltr'><strong><em>non,</em></strong></span> <span class='ocrx_word' id='word_1_115' title='bbox 1251 1739 1287 1798; x_wconf 91' lang='lat' dir='ltr'><strong><em>nt</em></strong></span> 
     </span>
     <span class='ocr_line' id='line_1_15' title="bbox 109 1841 1283 1932; baseline -0.006 -20"><span class='ocrx_word' id='word_1_116' title='bbox 109 1848 240 1928; x_wconf 85' lang='lat' dir='ltr'><strong>Lipsius</strong></span> <span class='ocrx_word' id='word_1_117' title='bbox 261 1848 408 1930; x_wconf 88' lang='lat' dir='ltr'><strong><em>mutavit,</em></strong></span> <span class='ocrx_word' id='word_1_118' title='bbox 425 1849 594 1932; x_wconf 71' lang='lat' dir='ltr'><strong><em>animosa,</em></strong></span> <span class='ocrx_word' id='word_1_119' title='bbox 610 1853 646 1911; x_wconf 91' lang='lat' dir='ltr'><strong><em>ut</em></strong></span> <span class='ocrx_word' id='word_1_120' title='bbox 661 1847 739 1911; x_wconf 90' lang='lat' dir='ltr'><strong><em>mihi</em></strong></span> <span class='ocrx_word' id='word_1_121' title='bbox 754 1845 881 1926; x_wconf 89' lang='lat' dir='ltr'><strong><em>quidem</em></strong></span> <span class='ocrx_word' id='word_1_122' title='bbox 897 1845 1036 1921; x_wconf 87' lang='lat' dir='ltr'><strong><em>videtur,</em></strong></span> <span class='ocrx_word' id='word_1_123' title='bbox 1053 1841 1283 1908; x_wconf 86' lang='lat' dir='ltr'><strong><em>infelicissime.</em></strong></span> 
     </span>
     <span class='ocr_line' id='line_1_16' title="bbox 109 1949 1286 2035; baseline -0.007 -16"><span class='ocrx_word' id='word_1_124' title='bbox 109 1972 245 2034; x_wconf 89' lang='lat' dir='ltr'><strong><em>namque</em></strong></span> <span class='ocrx_word' id='word_1_125' title='bbox 268 1955 296 2018; x_wconf 90' lang='lat' dir='ltr'><strong><em>si</em></strong></span> <span class='ocrx_word' id='word_1_126' title='bbox 319 1955 411 2018; x_wconf 89' lang='lat' dir='ltr'><strong><em>modo</em></strong></span> <span class='ocrx_word' id='word_1_127' title='bbox 436 1954 635 2035; x_wconf 79' lang='lat' dir='ltr'><strong><em>comparatio</em></strong></span> <span class='ocrx_word' id='word_1_128' title='bbox 660 1953 840 2022; x_wconf 83' lang='lat' dir='ltr'><strong>Vestalium</strong></span> <span class='ocrx_word' id='word_1_129' title='bbox 857 1951 1019 2033; x_wconf 85' lang='lat' dir='ltr'><strong><em>virginum</em></strong></span> <span class='ocrx_word' id='word_1_130' title='bbox 1036 1951 1164 2014; x_wconf 80' lang='lat' dir='ltr'><strong><em>adiecta</em></strong></span> <span class='ocrx_word' id='word_1_131' title='bbox 1180 1949 1286 2028; x_wconf 89' lang='lat' dir='ltr'><strong><em>aliquo</em></strong></span> 
     </span>
     <span class='ocr_line' id='line_1_17' title="bbox 109 2055 1285 2138; baseline -0.005 -14"><span class='ocrx_word' id='word_1_132' title='bbox 109 2062 239 2126; x_wconf 88' lang='lat' dir='ltr'><strong><em>tandem</em></strong></span> <span class='ocrx_word' id='word_1_133' title='bbox 264 2060 356 2124; x_wconf 89' lang='lat' dir='ltr'><strong><em>modo</em></strong></span> <span class='ocrx_word' id='word_1_134' title='bbox 380 2062 441 2125; x_wconf 89' lang='lat' dir='ltr'><strong><em>hue</em></strong></span> <span class='ocrx_word' id='word_1_135' title='bbox 468 2060 577 2124; x_wconf 86' lang='lat' dir='ltr'><strong><em>faeere</em></strong></span> <span class='ocrx_word' id='word_1_136' title='bbox 603 2060 708 2138; x_wconf 90' lang='lat' dir='ltr'><strong><em>debet,</em></strong></span> <span class='ocrx_word' id='word_1_137' title='bbox 734 2079 795 2123; x_wconf 93' lang='lat' dir='ltr'><strong><em>non</em></strong></span> <span class='ocrx_word' id='word_1_138' title='bbox 820 2060 880 2123; x_wconf 87' lang='lat' dir='ltr'><strong><em>hoe</em></strong></span> <span class='ocrx_word' id='word_1_139' title='bbox 904 2059 967 2122; x_wconf 89' lang='lat' dir='ltr'><strong><em>diei</em></strong></span> <span class='ocrx_word' id='word_1_140' title='bbox 991 2065 1099 2138; x_wconf 89' lang='lat' dir='ltr'><strong><em>potest</em></strong></span> <span class='ocrx_word' id='word_1_141' title='bbox 1112 2058 1203 2121; x_wconf 88' lang='lat' dir='ltr'><strong><em>-hune</em></strong></span> <span class='ocrx_word' id='word_1_142' title='bbox 1227 2055 1285 2119; x_wconf 89' lang='lat' dir='ltr'><strong><em>ali-</em></strong></span> 
     </span>
    </p>

    <p class='ocr_par' dir='ltr' id='par_1_3' title="bbox 49 2145 1338 4390">
     <span class='ocr_line' id='line_1_18' title="bbox 109 2145 1338 2249; baseline -0.003 -18"><span class='ocrx_word' id='word_1_143' title='bbox 109 2185 202 2246; x_wconf 87' lang='lat' dir='ltr'><strong><em>quem</em></strong></span> <span class='ocrx_word' id='word_1_144' title='bbox 230 2185 333 2249; x_wconf 78' lang='lat' dir='ltr'><strong><em>snum</em></strong></span> <span class='ocrx_word' id='word_1_145' title='bbox 363 2167 465 2248; x_wconf 89' lang='lat' dir='ltr'><strong>ipsius</strong></span> <span class='ocrx_word' id='word_1_146' title='bbox 494 2166 632 2231; x_wconf 86' lang='lat' dir='ltr'><strong><em>animum</em></strong></span> <span class='ocrx_word' id='word_1_147' title='bbox 666 2166 707 2230; x_wconf 87' lang='lat' dir='ltr'><strong><em>ad</em></strong></span> <span class='ocrx_word' id='word_1_148' title='bbox 732 2165 812 2230; x_wconf 87' lang='lat' dir='ltr'><strong><em>alios</em></strong></span> <span class='ocrx_word' id='word_1_149' title='bbox 836 2171 928 2229; x_wconf 86' lang='lat' dir='ltr'><strong><em>aetus</em></strong></span> <span class='ocrx_word' id='word_1_150' title='bbox 951 2164 1075 2230; x_wconf 86' lang='lat' dir='ltr'><strong><em>referre</em></strong></span> <span class='ocrx_word' id='word_1_151' title='bbox 1098 2182 1202 2244; x_wconf 87' lang='lat' dir='ltr'><strong><em>posse,</em></strong></span> <span class='ocrx_word' id='word_1_152' title='bbox 1227 2163 1285 2228; x_wconf 88' lang='lat' dir='ltr'><strong><em>sed</em></strong></span> <span class='ocrx_word' id='word_1_153' title='bbox 1334 2145 1338 2153; x_wconf 43' lang='lat'><strong>⁴</strong></span> 
     </span>
     <span class='ocr_line' id='line_1_19' title="bbox 110 2271 1286 2355; baseline -0.002 -19"><span class='ocrx_word' id='word_1_154' title='bbox 110 2274 171 2338; x_wconf 87' lang='lat' dir='ltr'><strong><em>hoe</em></strong></span> <span class='ocrx_word' id='word_1_155' title='bbox 203 2272 291 2338; x_wconf 89' lang='lat' dir='ltr'><strong><em>innui</em></strong></span> <span class='ocrx_word' id='word_1_156' title='bbox 325 2275 432 2355; x_wconf 88' lang='lat' dir='ltr'><strong><em>debet,</em></strong></span> <span class='ocrx_word' id='word_1_157' title='bbox 467 2274 497 2339; x_wconf 94' lang='lat' dir='ltr'><strong><em>ei</em></strong></span> <span class='ocrx_word' id='word_1_158' title='bbox 530 2293 599 2338; x_wconf 89' lang='lat' dir='ltr'><strong><em>enm</em></strong></span> <span class='ocrx_word' id='word_1_159' title='bbox 633 2274 739 2339; x_wconf 89' lang='lat' dir='ltr'><strong><em>senior</em></strong></span> <span class='ocrx_word' id='word_1_160' title='bbox 771 2273 877 2338; x_wconf 83' lang='lat' dir='ltr'><strong><em>iaetus</em></strong></span> <span class='ocrx_word' id='word_1_161' title='bbox 907 2273 959 2354; x_wconf 88' lang='lat' dir='ltr'><strong>sit,</strong></span> <span class='ocrx_word' id='word_1_162' title='bbox 986 2279 1021 2337; x_wconf 91' lang='lat' dir='ltr'><strong><em>ut</em></strong></span> <span class='ocrx_word' id='word_1_163' title='bbox 1044 2272 1147 2336; x_wconf 90' lang='lat' dir='ltr'><strong><em>alios</em></strong></span> <span class='ocrx_word' id='word_1_164' title='bbox 1170 2271 1286 2340; x_wconf 83' lang='lat' dir='ltr'><strong><em>doceat</em></strong></span> 
     </span>
     <span class='ocr_line' id='line_1_20' title="bbox 109 2378 1285 2462; baseline -0.003 -18"><span class='ocrx_word' id='word_1_165' title='bbox 109 2379 206 2445; x_wconf 87' lang='lat' dir='ltr'><strong><em>otium</em></strong></span> <span class='ocrx_word' id='word_1_166' title='bbox 242 2380 384 2462; x_wconf 81' lang='lat' dir='ltr'><strong><em>consedi,</em></strong></span> <span class='ocrx_word' id='word_1_167' title='bbox 421 2387 456 2446; x_wconf 91' lang='lat' dir='ltr'><strong><em>ut</em></strong></span> <span class='ocrx_word' id='word_1_168' title='bbox 490 2381 621 2446; x_wconf 89' lang='lat' dir='ltr'><strong><em>animos</em></strong></span> <span class='ocrx_word' id='word_1_169' title='bbox 656 2381 812 2446; x_wconf 89' lang='lat' dir='ltr'><strong><em>iuniorum</em></strong></span> <span class='ocrx_word' id='word_1_170' title='bbox 851 2379 985 2462; x_wconf 80' lang='lat' dir='ltr'><strong><em>dirigat3</em></strong></span> <span class='ocrx_word' id='word_1_171' title='bbox 1021 2380 1157 2444; x_wconf 80' lang='lat' dir='ltr'><strong><em>ootmos</em></strong></span> <span class='ocrx_word' id='word_1_172' title='bbox 1184 2378 1285 2459; x_wconf 85' lang='lat' dir='ltr'><strong><em>igitur</em></strong></span> 
     </span>
     <span class='ocr_line' id='line_1_21' title="bbox 109 2483 1285 2568; baseline -0.001 -18"><span class='ocrx_word' id='word_1_173' title='bbox 109 2487 324 2551; x_wconf 80' lang='lat' dir='ltr'><strong><em>necessarium</em></strong></span> <span class='ocrx_word' id='word_1_174' title='bbox 350 2493 411 2552; x_wconf 86' lang='lat' dir='ltr'><strong><em>est.</em></strong></span> <span class='ocrx_word' id='word_1_175' title='bbox 458 2488 516 2553; x_wconf 88' lang='lat' dir='ltr'><strong><em>sed</em></strong></span> <span class='ocrx_word' id='word_1_176' title='bbox 539 2488 616 2568; x_wconf 90' lang='lat' dir='ltr'><strong><em>qnid</em></strong></span> <span class='ocrx_word' id='word_1_177' title='bbox 639 2488 700 2553; x_wconf 91' lang='lat' dir='ltr'><strong>sibi</strong></span> <span class='ocrx_word' id='word_1_178' title='bbox 725 2488 836 2553; x_wconf 91' lang='lat' dir='ltr'><strong><em>volunt</em></strong></span> <span class='ocrx_word' id='word_1_179' title='bbox 859 2489 952 2553; x_wconf 88' lang='lat' dir='ltr'><strong><em>haee:</em></strong></span> <span class='ocrx_word' id='word_1_180' title='bbox 988 2487 1031 2552; x_wconf 85' lang='lat' dir='ltr'><strong><em>od</em></strong></span> <span class='ocrx_word' id='word_1_181' title='bbox 1054 2486 1134 2551; x_wconf 84' lang='lat' dir='ltr'><strong><em>alios</em></strong></span> <span class='ocrx_word' id='word_1_182' title='bbox 1158 2483 1285 2551; x_wconf 76' lang='lat' dir='ltr'><strong><em>ortos?</em></strong></span> 
     </span>
     <span class='ocr_line' id='line_1_22' title="bbox 109 2593 1285 2672; baseline -0.001 -16"><span class='ocrx_word' id='word_1_183' title='bbox 109 2593 197 2672; x_wconf 86' lang='lat' dir='ltr'><strong><em>atqui</em></strong></span> <span class='ocrx_word' id='word_1_184' title='bbox 222 2600 346 2659; x_wconf 85' lang='lat' dir='ltr'><strong><em>tantum</em></strong></span> <span class='ocrx_word' id='word_1_185' title='bbox 363 2597 456 2660; x_wconf 88' lang='lat' dir='ltr'><strong><em>abest</em></strong></span> <span class='ocrx_word' id='word_1_186' title='bbox 472 2602 507 2661; x_wconf 92' lang='lat' dir='ltr'><strong><em>nt</em></strong></span> <span class='ocrx_word' id='word_1_187' title='bbox 525 2597 677 2661; x_wconf 90' lang='lat' dir='ltr'><strong><em>emeritus</em></strong></span> <span class='ocrx_word' id='word_1_188' title='bbox 692 2596 748 2661; x_wconf 92' lang='lat' dir='ltr'><strong><em>ille</em></strong></span> <span class='ocrx_word' id='word_1_189' title='bbox 765 2596 808 2660; x_wconf 94' lang='lat' dir='ltr'><strong><em>ad</em></strong></span> <span class='ocrx_word' id='word_1_190' title='bbox 824 2596 904 2661; x_wconf 89' lang='lat' dir='ltr'><strong><em>alios</em></strong></span> <span class='ocrx_word' id='word_1_191' title='bbox 921 2600 1027 2660; x_wconf 77' lang='lat' dir='ltr'><strong><em>oottts</em></strong></span> <span class='ocrx_word' id='word_1_192' title='bbox 1043 2613 1078 2658; x_wconf 85' lang='lat' dir='ltr'><strong><em>se</em></strong></span> <span class='ocrx_word' id='word_1_193' title='bbox 1094 2599 1285 2659; x_wconf 85' lang='lat' dir='ltr'><strong><em>convertere</em></strong></span> 
     </span>
     <span class='ocr_line' id='line_1_23' title="bbox 49 2698 1284 2782; baseline -0.002 -20"><span class='ocrx_word' id='word_1_194' title='bbox 49 2731 50 2736; x_wconf 15' lang='grc' dir='ltr'><strong>κ</strong></span> <span class='ocrx_word' id='word_1_195' title='bbox 108 2698 266 2780; x_wconf 87' lang='lat' dir='ltr'><strong><em>iubeatur,</em></strong></span> <span class='ocrx_word' id='word_1_196' title='bbox 292 2705 342 2764; x_wconf 90' lang='lat' dir='ltr'><strong><em>est</em></strong></span> <span class='ocrx_word' id='word_1_197' title='bbox 358 2707 470 2765; x_wconf 86' lang='lat' dir='ltr'><strong><em>eontra</em></strong></span> <span class='ocrx_word' id='word_1_198' title='bbox 487 2703 612 2767; x_wconf 91' lang='lat' dir='ltr'><strong><em>omnino</em></strong></span> <span class='ocrx_word' id='word_1_199' title='bbox 632 2703 775 2766; x_wconf 84' lang='lat' dir='ltr'><strong><em>omnibns</em></strong></span> <span class='ocrx_word' id='word_1_200' title='bbox 792 2702 917 2766; x_wconf 85' lang='lat' dir='ltr'><strong><em>actibus</em></strong></span> <span class='ocrx_word' id='word_1_201' title='bbox 934 2700 1145 2782; x_wconf 87' lang='lat' dir='ltr'><strong><em>supersedere</em></strong></span> <span class='ocrx_word' id='word_1_202' title='bbox 1169 2699 1284 2780; x_wconf 89' lang='lat' dir='ltr'><strong>possit:</strong></span> 
     </span>
     <span class='ocr_line' id='line_1_24' title="bbox 110 2804 1283 2887; baseline 0.002 -19"><span class='ocrx_word' id='word_1_203' title='bbox 110 2804 219 2885; x_wconf 86' lang='lat' dir='ltr'><strong><em>itaque</em></strong></span> <span class='ocrx_word' id='word_1_204' title='bbox 244 2812 330 2870; x_wconf 86' lang='lat' dir='ltr'><strong><em>reete</em></strong></span> <span class='ocrx_word' id='word_1_205' title='bbox 356 2805 477 2872; x_wconf 89' lang='lat' dir='ltr'><strong><em>Gertz</em></strong></span> <span class='ocrx_word' id='word_1_206' title='bbox 501 2808 533 2872; x_wconf 91' lang='lat' dir='ltr'><strong><em>in</em></strong></span> <span class='ocrx_word' id='word_1_207' title='bbox 558 2809 765 2879; x_wconf 81' lang='lat' dir='ltr'><strong><em>adnotatione</em></strong></span> <span class='ocrx_word' id='word_1_208' title='bbox 790 2808 940 2872; x_wconf 88' lang='lat' dir='ltr'><strong><em>editionis</em></strong></span> <span class='ocrx_word' id='word_1_209' title='bbox 965 2826 1042 2887; x_wconf 84' lang='lat' dir='ltr'><strong><em>snae</em></strong></span> <span class='ocrx_word' id='word_1_210' title='bbox 1059 2808 1102 2871; x_wconf 86' lang='lat' dir='ltr'><strong><em>od</em></strong></span> <span class='ocrx_word' id='word_1_211' title='bbox 1117 2806 1197 2871; x_wconf 83' lang='lat' dir='ltr'><strong><em>allos</em></strong></span> <span class='ocrx_word' id='word_1_212' title='bbox 1213 2824 1283 2870; x_wconf 89' lang='lat' dir='ltr'><strong><em>enm</em></strong></span> 
     </span>
     <span class='ocr_line' id='line_1_25' title="bbox 109 2912 1284 2997; baseline 0.002 -21"><span class='ocrx_word' id='word_1_213' title='bbox 109 2931 148 2976; x_wconf 90' lang='lat' dir='ltr'><strong><em>eo</em></strong></span> <span class='ocrx_word' id='word_1_214' title='bbox 172 2912 269 2977; x_wconf 87' lang='lat' dir='ltr'><strong><em>verbo</em></strong></span> <span class='ocrx_word' id='word_1_215' title='bbox 294 2913 377 2993; x_wconf 89' lang='lat' dir='ltr'><strong><em>quod</em></strong></span> <span class='ocrx_word' id='word_1_216' title='bbox 400 2914 444 2978; x_wconf 87' lang='lat' dir='ltr'><strong><em>sit</em></strong></span> <span class='ocrx_word' id='word_1_217' title='bbox 466 2919 556 2982; x_wconf 83' lang='lat' dir='ltr'><strong><em>oetas</em></strong></span> <span class='ocrx_word' id='word_1_218' title='bbox 580 2915 831 2997; x_wconf 86' lang='lat' dir='ltr'><strong><em>coniungendnm</em></strong></span> <span class='ocrx_word' id='word_1_219' title='bbox 856 2934 918 2979; x_wconf 93' lang='lat' dir='ltr'><strong><em>non</em></strong></span> <span class='ocrx_word' id='word_1_220' title='bbox 934 2933 1006 2980; x_wconf 89' lang='lat' dir='ltr'><strong><em>esse</em></strong></span> <span class='ocrx_word' id='word_1_221' title='bbox 1023 2913 1196 2994; x_wconf 80' lang='lat' dir='ltr'><strong><em>contendit,</em></strong></span> <span class='ocrx_word' id='word_1_222' title='bbox 1214 2930 1284 2978; x_wconf 91' lang='lat' dir='ltr'><strong><em>emn</em></strong></span> 
     </span>
     <span class='ocr_line' id='line_1_26' title="bbox 109 3019 1283 3087; baseline 0.003 -5"><span class='ocrx_word' id='word_1_223' title='bbox 109 3023 217 3084; x_wconf 91' lang='lat' dir='ltr'><strong><em>tamen</em></strong></span> <span class='ocrx_word' id='word_1_224' title='bbox 246 3019 344 3084; x_wconf 85' lang='lat' dir='ltr'><strong><em>talem</em></strong></span> <span class='ocrx_word' id='word_1_225' title='bbox 373 3019 442 3086; x_wconf 83' lang='lat' dir='ltr'><strong><em>fere</em></strong></span> <span class='ocrx_word' id='word_1_226' title='bbox 465 3022 657 3087; x_wconf 82' lang='lat' dir='ltr'><strong><em>sententiam</em></strong></span> <span class='ocrx_word' id='word_1_227' title='bbox 684 3021 860 3087; x_wconf 85' lang='lat' dir='ltr'><strong><em>desideret:</em></strong></span> <span class='ocrx_word' id='word_1_228' title='bbox 896 3026 925 3086; x_wconf 85' lang='lat' dir='ltr'><strong><em>et</em></strong></span> <span class='ocrx_word' id='word_1_229' title='bbox 947 3023 990 3086; x_wconf 87' lang='lat' dir='ltr'><strong><em>od</em></strong></span> <span class='ocrx_word' id='word_1_230' title='bbox 1011 3021 1092 3086; x_wconf 86' lang='lat' dir='ltr'><strong><em>olios</em></strong></span> <span class='ocrx_word' id='word_1_231' title='bbox 1115 3024 1203 3085; x_wconf 80' lang='lat' dir='ltr'><strong><em>oottts</em></strong></span> <span class='ocrx_word' id='word_1_232' title='bbox 1224 3040 1283 3085; x_wconf 82' lang='lat' dir='ltr'><strong><em>oe·</em></strong></span> 
     </span>
     <span class='ocr_line' id='line_1_27' title="bbox 104 3126 1282 3211; baseline 0.001 -21"><span class='ocrx_word' id='word_1_233' title='bbox 104 3126 298 3210; x_wconf 80' lang='lat' dir='ltr'><strong><em>potiorem</em></strong></span> <span class='ocrx_word' id='word_1_234' title='bbox 333 3127 470 3211; x_wconf 64' lang='lat' dir='ltr'><strong><em>deferre·</em></strong></span> <span class='ocrx_word' id='word_1_235' title='bbox 517 3135 613 3210; x_wconf 87' lang='lat' dir='ltr'><strong><em>atque</em></strong></span> <span class='ocrx_word' id='word_1_236' title='bbox 649 3129 733 3195; x_wconf 91' lang='lat' dir='ltr'><strong><em>idem</em></strong></span> <span class='ocrx_word' id='word_1_237' title='bbox 770 3128 926 3196; x_wconf 85' lang='lat' dir='ltr'><strong><em>Gemoll</em></strong></span> <span class='ocrx_word' id='word_1_238' title='bbox 962 3130 1103 3195; x_wconf 88' lang='lat' dir='ltr'><strong>sensisse</strong></span> <span class='ocrx_word' id='word_1_239' title='bbox 1144 3127 1282 3210; x_wconf 84' lang='lat' dir='ltr'><strong><em>videtur,</em></strong></span> 
     </span>
     <span class='ocr_line' id='line_1_28' title="bbox 109 3231 1284 3317; baseline 0.003 -23"><span class='ocrx_word' id='word_1_240' title='bbox 109 3231 197 3295; x_wconf 89' lang='lat' dir='ltr'><strong><em>euius</em></strong></span> <span class='ocrx_word' id='word_1_241' title='bbox 232 3252 310 3298; x_wconf 88' lang='lat' dir='ltr'><strong><em>vero</em></strong></span> <span class='ocrx_word' id='word_1_242' title='bbox 342 3236 511 3316; x_wconf 88' lang='lat' dir='ltr'><strong><em>seriptum:</em></strong></span> <span class='ocrx_word' id='word_1_243' title='bbox 556 3238 699 3302; x_wconf 82' lang='lat' dir='ltr'><strong><em>animose</em></strong></span> <span class='ocrx_word' id='word_1_244' title='bbox 732 3255 793 3301; x_wconf 95' lang='lat' dir='ltr'><strong><em>non</em></strong></span> <span class='ocrx_word' id='word_1_245' title='bbox 818 3236 921 3317; x_wconf 83' lang='lat' dir='ltr'><strong><em>magis</em></strong></span> <span class='ocrx_word' id='word_1_246' title='bbox 946 3254 1038 3315; x_wconf 88' lang='lat' dir='ltr'><strong><em>qnam</em></strong></span> <span class='ocrx_word' id='word_1_247' title='bbox 1064 3235 1184 3301; x_wconf 84' lang='lat' dir='ltr'><strong><em>Gertz</em></strong></span> <span class='ocrx_word' id='word_1_248' title='bbox 1208 3234 1284 3314; x_wconf 88' lang='lat' dir='ltr'><strong><em>quid</em></strong></span> 
     </span>
     <span class='ocr_line' id='line_1_29' title="bbox 108 3337 1283 3422; baseline 0.003 -20"><span class='ocrx_word' id='word_1_249' title='bbox 108 3337 169 3402; x_wconf 89' lang='lat' dir='ltr'><strong>sibi</strong></span> <span class='ocrx_word' id='word_1_250' title='bbox 205 3339 285 3404; x_wconf 90' lang='lat' dir='ltr'><strong><em>velit</em></strong></span> <span class='ocrx_word' id='word_1_251' title='bbox 319 3341 399 3404; x_wconf 89' lang='lat' dir='ltr'><strong>satis</strong></span> <span class='ocrx_word' id='word_1_252' title='bbox 435 3343 604 3421; x_wconf 83' lang='lat' dir='ltr'><strong><em>perspicio.</em></strong></span> <span class='ocrx_word' id='word_1_253' title='bbox 661 3362 762 3422; x_wconf 89' lang='lat' dir='ltr'><strong><em>neque</em></strong></span> <span class='ocrx_word' id='word_1_254' title='bbox 788 3342 950 3408; x_wconf 87' lang='lat' dir='ltr'><strong><em>Gertzio</em></strong></span> <span class='ocrx_word' id='word_1_255' title='bbox 974 3341 1036 3422; x_wconf 87' lang='lat' dir='ltr'><strong>ipsi</strong></span> <span class='ocrx_word' id='word_1_256' title='bbox 1060 3340 1220 3405; x_wconf 88' lang='lat' dir='ltr'><strong><em>assentior</em></strong></span> <span class='ocrx_word' id='word_1_257' title='bbox 1244 3361 1283 3405; x_wconf 85' lang='lat' dir='ltr'><strong><em>ex</em></strong></span> 
     </span>
     <span class='ocr_line' id='line_1_30' title="bbox 107 3445 1284 3528; baseline 0.003 -19"><span class='ocrx_word' id='word_1_258' title='bbox 107 3445 235 3510; x_wconf 83' lang='lat' dir='ltr'><strong><em>animos</em></strong></span> <span class='ocrx_word' id='word_1_259' title='bbox 257 3446 339 3525; x_wconf 90' lang='lat' dir='ltr'><strong><em>qnod</em></strong></span> <span class='ocrx_word' id='word_1_260' title='bbox 364 3454 547 3528; x_wconf 81' lang='lat' dir='ltr'><strong><em>corruptum</em></strong></span> <span class='ocrx_word' id='word_1_261' title='bbox 572 3466 644 3513; x_wconf 89' lang='lat' dir='ltr'><strong><em>esse</em></strong></span> <span class='ocrx_word' id='word_1_262' title='bbox 667 3450 737 3514; x_wconf 92' lang='lat' dir='ltr'><strong><em>vult</em></strong></span> <span class='ocrx_word' id='word_1_263' title='bbox 760 3448 954 3514; x_wconf 86' lang='lat' dir='ltr'><strong><em>adieetivum</em></strong></span> <span class='ocrx_word' id='word_1_264' title='bbox 979 3448 1108 3528; x_wconf 88' lang='lat' dir='ltr'><strong><em>aliquod</em></strong></span> <span class='ocrx_word' id='word_1_265' title='bbox 1131 3447 1172 3511; x_wconf 89' lang='lat' dir='ltr'><strong><em>ad</em></strong></span> <span class='ocrx_word' id='word_1_266' title='bbox 1196 3452 1284 3514; x_wconf 85' lang='lat' dir='ltr'><strong><em>oetas</em></strong></span> 
     </span>
     <span class='ocr_line' id='line_1_31' title="bbox 107 3550 1283 3637; baseline 0.002 -21"><span class='ocrx_word' id='word_1_267' title='bbox 107 3550 312 3616; x_wconf 82' lang='lat' dir='ltr'><strong><em>referendum</em></strong></span> <span class='ocrx_word' id='word_1_268' title='bbox 340 3552 508 3619; x_wconf 78' lang='lat' dir='ltr'><strong><em>efficienti:</em></strong></span> <span class='ocrx_word' id='word_1_269' title='bbox 549 3559 577 3618; x_wconf 84' lang='lat' dir='ltr'><strong><em>el</em></strong></span> <span class='ocrx_word' id='word_1_270' title='bbox 605 3556 648 3620; x_wconf 89' lang='lat' dir='ltr'><strong><em>ool</em></strong></span> <span class='ocrx_word' id='word_1_271' title='bbox 670 3556 751 3620; x_wconf 83' lang='lat' dir='ltr'><strong><em>alios</em></strong></span> <span class='ocrx_word' id='word_1_272' title='bbox 775 3559 863 3620; x_wconf 81' lang='lat' dir='ltr'><strong><em>oetas</em></strong></span> <span class='ocrx_word' id='word_1_273' title='bbox 887 3576 1010 3620; x_wconf 76' lang='lat' dir='ltr'><strong><em>orontes</em></strong></span> <span class='ocrx_word' id='word_1_274' title='bbox 1034 3553 1171 3637; x_wconf 72' lang='lat' dir='ltr'><strong><em>deferre.</em></strong></span> <span class='ocrx_word' id='word_1_275' title='bbox 1219 3554 1283 3618; x_wconf 89' lang='lat' dir='ltr'><strong><em>ista</em></strong></span> 
     </span>
     <span class='ocr_line' id='line_1_32' title="bbox 106 3657 1280 3743; baseline 0.004 -22"><span class='ocrx_word' id='word_1_276' title='bbox 106 3657 233 3740; x_wconf 83' lang='lat' dir='ltr'><strong><em>quidem</em></strong></span> <span class='ocrx_word' id='word_1_277' title='bbox 266 3659 342 3723; x_wconf 91' lang='lat' dir='ltr'><strong><em>mihi</em></strong></span> <span class='ocrx_word' id='word_1_278' title='bbox 370 3660 420 3726; x_wconf 85' lang='lat' dir='ltr'><strong><em>vis</em></strong></span> <span class='ocrx_word' id='word_1_279' title='bbox 443 3661 574 3726; x_wconf 86' lang='lat' dir='ltr'><strong><em>videtur</em></strong></span> <span class='ocrx_word' id='word_1_280' title='bbox 597 3681 669 3727; x_wconf 87' lang='lat' dir='ltr'><strong><em>esse</em></strong></span> <span class='ocrx_word' id='word_1_281' title='bbox 694 3682 751 3741; x_wconf 91' lang='lat' dir='ltr'><strong><em>pro</em></strong></span> <span class='ocrx_word' id='word_1_282' title='bbox 776 3663 903 3728; x_wconf 83' lang='lat' dir='ltr'><strong><em>animos</em></strong></span> <span class='ocrx_word' id='word_1_283' title='bbox 926 3662 1009 3741; x_wconf 88' lang='lat' dir='ltr'><strong><em>quod</em></strong></span> <span class='ocrx_word' id='word_1_284' title='bbox 1033 3680 1143 3726; x_wconf 88' lang='lat' dir='ltr'><strong><em>sanum</em></strong></span> <span class='ocrx_word' id='word_1_285' title='bbox 1168 3662 1280 3743; x_wconf 81' lang='lat' dir='ltr'><strong><em>habeo,</em></strong></span> 
     </span>
     <span class='ocr_line' id='line_1_33' title="bbox 106 3766 1282 3852; baseline 0.001 -21"><span class='ocrx_word' id='word_1_286' title='bbox 106 3787 214 3832; x_wconf 84' lang='lat' dir='ltr'><strong><em>omnes</em></strong></span> <span class='ocrx_word' id='word_1_287' title='bbox 236 3766 392 3848; x_wconf 84' lang='lat' dir='ltr'><strong><em>seribere3</em></strong></span> <span class='ocrx_word' id='word_1_288' title='bbox 427 3771 463 3833; x_wconf 93' lang='lat' dir='ltr'><strong><em>nt</em></strong></span> <span class='ocrx_word' id='word_1_289' title='bbox 486 3768 526 3833; x_wconf 92' lang='lat' dir='ltr'><strong><em>de</em></strong></span> <span class='ocrx_word' id='word_1_290' title='bbox 543 3769 671 3852; x_wconf 78' lang='lat' dir='ltr'><strong><em>deferre</em></strong></span> <span class='ocrx_word' id='word_1_291' title='bbox 686 3769 812 3833; x_wconf 90' lang='lat' dir='ltr'><strong><em>omnino</em></strong></span> <span class='ocrx_word' id='word_1_292' title='bbox 829 3775 964 3835; x_wconf 76' lang='lat' dir='ltr'><strong><em>taceam.</em></strong></span> <span class='ocrx_word' id='word_1_293' title='bbox 1005 3769 1108 3834; x_wconf 91' lang='lat' dir='ltr'><strong><em>lenior</em></strong></span> <span class='ocrx_word' id='word_1_294' title='bbox 1124 3768 1282 3833; x_wconf 85' lang='lat' dir='ltr'><strong><em>medicina</em></strong></span> 
     </span>
     <span class='ocr_line' id='line_1_34' title="bbox 107 3874 1281 3958; baseline 0.001 -20"><span class='ocrx_word' id='word_1_295' title='bbox 107 3880 223 3954; x_wconf 88' lang='lat' dir='ltr'><strong><em>parata</em></strong></span> <span class='ocrx_word' id='word_1_296' title='bbox 252 3877 312 3940; x_wconf 89' lang='lat' dir='ltr'><strong><em>est.</em></strong></span> <span class='ocrx_word' id='word_1_297' title='bbox 363 3874 391 3940; x_wconf 88' lang='lat' dir='ltr'><strong><em>si</em></strong></span> <span class='ocrx_word' id='word_1_298' title='bbox 419 3874 500 3940; x_wconf 83' lang='lat' dir='ltr'><strong><em>alios</em></strong></span> <span class='ocrx_word' id='word_1_299' title='bbox 528 3895 589 3940; x_wconf 93' lang='lat' dir='ltr'><strong><em>non</em></strong></span> <span class='ocrx_word' id='word_1_300' title='bbox 618 3888 687 3940; x_wconf 87' lang='lat' dir='ltr'><strong><em>oum</em></strong></span> <span class='ocrx_word' id='word_1_301' title='bbox 721 3881 809 3942; x_wconf 84' lang='lat' dir='ltr'><strong><em>oetas</em></strong></span> <span class='ocrx_word' id='word_1_302' title='bbox 842 3876 991 3958; x_wconf 81' lang='lat' dir='ltr'><strong><em>coniungi</em></strong></span> <span class='ocrx_word' id='word_1_303' title='bbox 1023 3881 1140 3956; x_wconf 86' lang='lat' dir='ltr'><strong><em>potest,</em></strong></span> <span class='ocrx_word' id='word_1_304' title='bbox 1174 3879 1281 3939; x_wconf 88' lang='lat' dir='ltr'><strong><em>tamen</em></strong></span> 
     </span>
     <span class='ocr_line' id='line_1_35' title="bbox 107 3977 1281 4066; baseline 0.002 -20"><span class='ocrx_word' id='word_1_305' title='bbox 107 3981 246 4060; x_wconf 90' lang='lat' dir='ltr'><strong><em>perbene</em></strong></span> <span class='ocrx_word' id='word_1_306' title='bbox 278 3983 320 4047; x_wconf 91' lang='lat' dir='ltr'><strong><em>ad</em></strong></span> <span class='ocrx_word' id='word_1_307' title='bbox 343 3983 469 4048; x_wconf 83' lang='lat' dir='ltr'><strong><em>animos</em></strong></span> <span class='ocrx_word' id='word_1_308' title='bbox 492 3985 643 4064; x_wconf 81' lang='lat' dir='ltr'><strong><em>quadrat:</em></strong></span> <span class='ocrx_word' id='word_1_309' title='bbox 679 4004 739 4066; x_wconf 82' lang='lat' dir='ltr'><strong><em>ego</em></strong></span> <span class='ocrx_word' id='word_1_310' title='bbox 763 3986 865 4050; x_wconf 88' lang='lat' dir='ltr'><strong><em>loeum</em></strong></span> <span class='ocrx_word' id='word_1_311' title='bbox 891 3985 1095 4065; x_wconf 87' lang='lat' dir='ltr'><strong><em>desperatum</em></strong></span> <span class='ocrx_word' id='word_1_312' title='bbox 1120 3983 1167 4048; x_wconf 86' lang='lat' dir='ltr'><strong><em>sie</em></strong></span> <span class='ocrx_word' id='word_1_313' title='bbox 1190 3977 1281 4048; x_wconf 75' lang='lat' dir='ltr'><strong><em>fadil-</em></strong></span> 
     </span>
     <span class='ocr_line' id='line_1_36' title="bbox 106 4087 1281 4174; baseline 0.004 -23"><span class='ocrx_word' id='word_1_314' title='bbox 106 4087 181 4152; x_wconf 89' lang='lat' dir='ltr'><strong><em>lime</em></strong></span> <span class='ocrx_word' id='word_1_315' title='bbox 209 4089 355 4171; x_wconf 84' lang='lat' dir='ltr'><strong><em>expediri</em></strong></span> <span class='ocrx_word' id='word_1_316' title='bbox 383 4109 508 4173; x_wconf 83' lang='lat' dir='ltr'><strong><em>censeo,</em></strong></span> <span class='ocrx_word' id='word_1_317' title='bbox 537 4098 572 4157; x_wconf 90' lang='lat' dir='ltr'><strong><em>ut</em></strong></span> <span class='ocrx_word' id='word_1_318' title='bbox 595 4092 654 4157; x_wconf 87' lang='lat' dir='ltr'><strong>tibi</strong></span> <span class='ocrx_word' id='word_1_319' title='bbox 678 4093 783 4174; x_wconf 75' lang='lat' dir='ltr'><strong>fingas</strong></span> <span class='ocrx_word' id='word_1_320' title='bbox 807 4112 902 4158; x_wconf 86' lang='lat' dir='ltr'><strong><em>voees</em></strong></span> <span class='ocrx_word' id='word_1_321' title='bbox 925 4097 1014 4157; x_wconf 79' lang='lat' dir='ltr'><strong><em>orites</em></strong></span> <span class='ocrx_word' id='word_1_322' title='bbox 1037 4097 1070 4156; x_wconf 91' lang='lat' dir='ltr'><strong><em>et</em></strong></span> <span class='ocrx_word' id='word_1_323' title='bbox 1093 4091 1175 4156; x_wconf 82' lang='lat' dir='ltr'><strong><em>otios</em></strong></span> <span class='ocrx_word' id='word_1_324' title='bbox 1197 4111 1217 4156; x_wconf 88' lang='lat' dir='ltr'><strong><em>a</em></strong></span> <span class='ocrx_word' id='word_1_325' title='bbox 1239 4092 1281 4156; x_wconf 93' lang='lat' dir='ltr'><strong><em>li-</em></strong></span> 
     </span>
     <span class='ocr_line' id='line_1_37' title="bbox 107 4194 1280 4281; baseline 0.006 -24"><span class='ocrx_word' id='word_1_326' title='bbox 107 4194 217 4258; x_wconf 90' lang='lat' dir='ltr'><strong><em>brario</em></strong></span> <span class='ocrx_word' id='word_1_327' title='bbox 245 4196 391 4279; x_wconf 84' lang='lat' dir='ltr'><strong><em>quodam,</em></strong></span> <span class='ocrx_word' id='word_1_328' title='bbox 422 4217 514 4280; x_wconf 85' lang='lat' dir='ltr'><strong><em>quern</em></strong></span> <span class='ocrx_word' id='word_1_329' title='bbox 539 4200 695 4266; x_wconf 89' lang='lat' dir='ltr'><strong><em>eluserint</em></strong></span> <span class='ocrx_word' id='word_1_330' title='bbox 717 4199 811 4265; x_wconf 91' lang='lat' dir='ltr'><strong><em>initia</em></strong></span> <span class='ocrx_word' id='word_1_331' title='bbox 836 4199 963 4281; x_wconf 84' lang='lat' dir='ltr'><strong><em>similia,</em></strong></span> <span class='ocrx_word' id='word_1_332' title='bbox 987 4199 1072 4264; x_wconf 91' lang='lat' dir='ltr'><strong><em>inter</em></strong></span> <span class='ocrx_word' id='word_1_333' title='bbox 1096 4218 1132 4262; x_wconf 89' lang='lat' dir='ltr'><strong><em>se</em></strong></span> <span class='ocrx_word' id='word_1_334' title='bbox 1156 4218 1280 4279; x_wconf 90' lang='lat' dir='ltr'><strong><em>permu-</em></strong></span> 
     </span>
     <span class='ocr_line' id='line_1_38' title="bbox 107 4302 1281 4390; baseline 0.005 -25"><span class='ocrx_word' id='word_1_335' title='bbox 107 4306 178 4366; x_wconf 85' lang='lat' dir='ltr'><strong><em>tata</em></strong></span> <span class='ocrx_word' id='word_1_336' title='bbox 202 4319 284 4384; x_wconf 77' lang='lat' dir='ltr'><strong><em>esse,</em></strong></span> <span class='ocrx_word' id='word_1_337' title='bbox 308 4302 509 4387; x_wconf 67' lang='lat' dir='ltr'><strong><em>solitasque:</em></strong></span> <span class='ocrx_word' id='word_1_338' title='bbox 545 4305 658 4373; x_wconf 74' lang='lat' dir='ltr'><strong><em>deinde</em></strong></span> <span class='ocrx_word' id='word_1_339' title='bbox 680 4307 837 4390; x_wconf 73' lang='lat' dir='ltr'><strong><em>adpossit</em></strong></span> <span class='ocrx_word' id='word_1_340' title='bbox 858 4305 914 4371; x_wconf 84' lang='lat' dir='ltr'><strong><em>lroo</em></strong></span> <span class='ocrx_word' id='word_1_341' title='bbox 928 4305 1048 4387; x_wconf 76' lang='lat' dir='ltr'><strong><em>oliqteis</em></strong></span> <span class='ocrx_word' id='word_1_342' title='bbox 1063 4305 1200 4372; x_wconf 79' lang='lat' dir='ltr'><strong><em>emeritis</em></strong></span> <span class='ocrx_word' id='word_1_343' title='bbox 1214 4306 1281 4371; x_wconf 83' lang='lat' dir='ltr'><strong><em>iem</em></strong></span> 
     </span>
    </p>
   </div>
   <div class='ocr_carea' id='block_1_3' title="bbox 0 0 1414 4764">
    <p class='ocr_par' dir='ltr' id='par_1_4' title="bbox 0 0 1414 4764">
     <span class='ocr_line' id='line_1_39' title="bbox 0 0 1414 4764; baseline 0 0"><span class='ocrx_word' id='word_1_344' title='bbox 0 0 1414 4764; x_wconf 95' lang='lat' dir='ltr'><strong><em> </em></strong></span> 
     </span>
    </p>
   </div>
  </div>
 </body>
</html>
