2820 4764
632 264 846 354 Aa...

207 472 274 535 III.
419 470 467 535 ΙΙ.
623 470 652 534 Ι.
740 470 742 543 i
857 501 861 508 ·

175 585 304 660 9‚3-5
381 582 512 658 19‚4,5
588 581 642 657 205
655 583 685 656 3,
739 547 741 671 i
795 573 973 638 imbecillos
998 581 1031 637 et
1054 574 1158 638 lassos
1183 572 1252 636 irae
1277 572 1330 635 ob·

588 689 673 765 13,5
838 679 961 744 noxios.
1347 693 1348 696 ’

378 796 461 869 25,1
794 787 918 852 animas
948 785 1084 850 affectus
1114 784 1253 850 minimis
1284 783 1330 847 of·

737 852 740 938 i
837 893 992 958 fendatur.

735 940 740 1099 i
792 1005 906 1064 contra
942 1000 1062 1080 primas
1099 1016 1214 1063 causas
1250 1015 1330 1078 pug-

837 1107 1004 1187 nandum).

791 1213 959 1293 plurimum
972 1211 1048 1277 mali
1055 1211 1232 1276 credulitas
1240 1209 1329 1275 facit.

736 1321 738 1399 i
791 1320 832 1384 de
855 1319 966 1398 iniqua
989 1319 1039 1384 sui
1064 1317 1302 1383 aestimatione.

736 1403 738 1439 ¹
790 1445 881 1491 mora
893 1426 963 1489 irae
973 1425 1127 1505 optimum
1139 1424 1327 1489 remedium.

791 1532 831 1596 de
847 1532 986 1596 Platone
1010 1531 1093 1596 idem
1120 1531 1190 1595 iere
1216 1547 1329 1593 narra·

836 1643 888 1703 tur
912 1639 995 1718 quod
1019 1639 1059 1703 de
1083 1638 1228 1703 Socrate.

790 1745 1005 1826 potentiorum
1059 1743 1196 1836 iniuriae
1253 1761 1328 1824 quo-

835 1851 928 1916 modo
952 1851 1116 1916 ferendae.

556 1965 733 2039 sequuntur
756 1959 913 2039 exempla.

791 2064 999 2144 Praexaspis,
1024 2063 1187 2143 Harpagi.

375 2177 427 2252 33,
442 2178 527 2237 a-a
790 2170 965 2236 Pastoria.

184 2301 251 2360 tum
275 2296 350 2360 inde
375 2315 395 2360 a
418 2316 445 2361 a.
472 2302 601 2362 17-23
624 2295 779 2361 continua
802 2294 903 2361 series
928 2296 1141 2375 exemplorum
1166 2295 1199 2359 in
1223 2294 1290 2359 III.

146 2409 232 2485 24,3
372 2411 414 2471 30
789 2402 881 2484 pueri
898 2402 1038 2467 feminae
1054 2402 1142 2468 servi
1163 2407 1223 2467 etc.
1249 2420 1325 2482 quo-

339 2562 341 2566 .
833 2510 926 2574 modo
943 2509 1027 2575 irato
1048 2509 1224 2574 excusandi
1247 2508 1323 2574 sint.

144 2613 228 2696 25‚3
366 2613 453 2699 32‚3
788 2616 935 2680 immanis
952 2615 1024 2681 fera
1038 2617 1192 2681 latratum
1209 2633 1323 2680 canum

833 2740 895 2785 non
920 2729 1023 2786 curat.

146 2833 232 2908 26st
371 2834 456 2905 30‚2
787 2825 905 2891 iniuria
929 2845 1062 2906 poenam
1092 2827 1124 2891 in
1154 2845 1189 2891 se
1212 2827 1323 2892 habet..

130 2939 276 3016 ’26,4,5
393 2939 500 3000 7-10
581 2939 623 3000 14
788 2952 897 2998 omnes
921 2933 998 2997 maii
1021 2951 1139 2998 samua.

366 3048 451 3123 aar

143 3152 228 3226 28‚3
366 3145 453 3231 3’6,4
787 3147 896 3212 multis
919 3147 970 3210 ira
994 3166 1051 3228 per
1074 3165 1109 3212 se
1132 3147 1249 3213 nocuit.

144 3258 275 3334 28,4,5
369 3260 498 3335 28‚5,6
786 3253 910 3318 animus
928 3253 1320 3336 offendentisintuenduS‚

359 3357 425 3438 (22,
440 3359 475 3442 4)
782 3416 785 3423 .
830 3359 1042 3440 nonfaetum3
1062 3379 1160 3426 eausa
1175 3360 1321 3426 absentis

830 3469 966 3549 agenda.

142 3577 226 3653 29,2
546 3579 674 3655 18,2,3
784 3575 824 3638 de
849 3573 1029 3654 pertinacia
1053 3573 1133 3638 irae.

544 3687 628 3762 19‚1

141 3791 273 3867 30,1‚2
367 3791 409 3851 24
783 3787 981 3868 suspiciones
993 3792 1026 3853 et
1036 3787 1173 3852 frivolae
1183 3805 1236 3852 res
1248 3787 1318 3852 irae

727 3891 729 3978 i
827 3913 954 3959 causae.
1186 3874 1193 3888 ’

140 3993 240 4083 [30,1
365 4007 415 4082 11,
430 4004 515 4066 4-6
781 4000 908 4066 fereae
929 4000 1044 4065 rabida
1068 4005 1317 4065 eonsternantur

848 4108 890 4172 ad
915 4103 1025 4191 vana}

152 4218 237 4292 31‚1
359 4220 411 4294 ⁶27,
429 4221 490 4287 1‚2
781 4215 831 4280 dis
856 4232 978 4295 quoque
1001 4212 1179 4277 irascimur.

353 4326 440 4401 aar
