2820 4764
684 259 725 318 47

110 487 195 549 quae
228 471 292 531 tam
331 466 426 547 plene
463 465 597 546 fuseque
635 465 686 529 hic
715 465 909 531 inducuntur
932 466 1024 546 quasi
1047 484 1178 547 prorsus
1202 485 1286 532 nora

115 576 192 658 sini,
217 592 280 638 non
304 577 393 638 sunt:
419 571 553 637 eoadem
578 572 648 637 fere
672 571 881 636 abiectionem
905 572 1042 653 legimus
1065 573 1126 637 iarn

203 699 231 744 o.
258 685 311 760 29,
326 688 360 744 3:
382 679 551 761 quidquid,
575 678 694 760 iuquit,
717 679 862 759 estquod
881 679 972 743 dedii
989 680 1082 760 pairi
1103 678 1199 759 filius,
1223 678 1286 743 aii-

112 809 175 870 qae
203 786 314 851 minas
335 789 388 864 asi,
415 785 495 867 actia
517 784 602 850 haac
625 786 728 866 ipsam
751 785 855 850 doadi
876 784 1060 866 facultatem
1079 787 1171 867 patri
1194 786 1285 850 debat.

115 895 164 959 iia
179 912 340 975 nusquam
355 891 498 974 beneficio
512 893 663 970 uincitur,
687 892 779 957 caiae
801 891 987 972 beneficiam
1008 897 1052 956 est
1074 892 1182 973 ipsam
1204 893 1289 973 qaod

117 1001 270 1066 uincitur.

207 1113 260 1188 30,
276 1113 309 1172 1:
336 1107 494 1189 quidquid
504 1107 654 1188 praestiti
664 1106 767 1188 patri,
791 1106 887 1170 ctiam
901 1105 931 1170 si
945 1125 1099 1189 arcanam
1121 1109 1174 1190 eei,
1196 1104 1289 1186 iufra

116 1213 368 1279 aestimationem
390 1214 525 1296 pateam
550 1213 695 1278 merueris
717 1216 770 1291 esi,
800 1212 879 1293 qaia
902 1231 972 1277 aaa
993 1216 1075 1292 essct,
1099 1212 1128 1276 si
1150 1232 1219 1277 aaa
1239 1234 1288 1296 ye-

117 1321 251 1386 aaisset.
283 1369 290 1383 .
317 1368 357 1385 ..

207 1445 290 1508 qaue
305 1426 369 1492 ium
392 1427 519 1509 excepit
542 1427 639 1509 longe
664 1425 828 1490 eructatio.
875 1425 999 1514 scilicet
1015 1424 1140 1490 Seneca
1162 1442 1181 1488 e
1203 1442 1290 1489 more

118 1553 177 1600 suo
208 1533 417 1600 abiectionem
445 1532 628 1599 adversarii
659 1533 789 1613 saepius
813 1532 942 1613 repetit,
967 1550 1037 1595 cum
1061 1537 1095 1595 ut
1121 1530 1291 1611 disputeti-

117 1659 212 1706 onem
229 1640 419 1707 viridiorem
436 1640 553 1705 reddat
574 1640 702 1721 dialogo
726 1639 818 1720 quasi
842 1639 942 1703 oculis
964 1638 1118 1719 subiecto,
1143 1641 1209 1702 tum
1232 1637 1293 1701 hoo

119 1747 319 1830 potissimum
352 1748 436 1813 loco¹
454 1752 580 1829 tempus
613 1747 643 1811 ei
677 1765 749 1812 esse
777 1746 906 1812 ridetur
928 1745 1086 1827 anacam
1108 1766 1148 1809 aa
1170 1748 1291 1826 austra,

118 1859 157 1919 ai
187 1855 234 1919 ita
264 1854 378 1935 dicam,
409 1859 533 1920 morata
559 1854 703 1937 proferri
732 1851 1031 1936 (35,1).similite1·
1055 1850 1125 1932 agit
1149 1871 1177 1916 e.
1202 1869 1233 1932 g.
1258 1850 1292 1916 in

120 1959 236 2024 librol
261 1960 301 2024 de
326 1961 376 2024 ire
398 1960 452 2024 ubi
476 1979 531 2025 eos
554 1960 723 2041 redarguit
746 1959 799 2039 qui
822 1959 873 2024 ira
896 1975 975 2039 opus
999 1976 1071 2022 esse
1095 1957 1137 2021 ad
1161 1957 1293 2039 punien-

120 2066 195 2132 dum
226 2071 349 2148 putent.
406 2067 466 2131 hoc
498 2085 568 2132 oum
601 2083 693 2147 capp.
731 2072 772 2130 14
804 2070 838 2131 et
863 2073 904 2131 15
928 2066 1009 2130 setis
1033 2064 1120 2144 fecit,
1155 2081 1225 2146 cap.
1252 2070 1291 2130 16

123 2191 233 2238 rursus
256 2172 336 2238 illud
359 2173 511 2254 placitum
535 2173 782 2254 peripateticum
806 2173 911 2238 subito
935 2172 1072 2255 p1·ofert:
1104 2168 1123 2256 ξ
1149 2179 1167 2237 6
1187 2193 1294 2254 proce

121 2280 199 2344 ciam
222 2280 261 2345 ia
284 2278 430 2345 tribacaal
453 2300 523 2346 aaa
542 2279 658 2363 fureas
680 2301 736 2346 aec
759 2279 895 2363 infestas
919 2329 927 2344 .
953 2328 961 2343 .
988 2329 995 2342 .
1022 2329 1028 2342 .
1053 2283 1082 2344 ei
1105 2299 1176 2345 craia
1199 2279 1294 2344 cervi·

122 2407 187 2450 caa
209 2386 308 2452 acacio
330 2386 490 2469 imperabo
508 2387 654 2470 praecidi
676 2392 704 2452 ei
729 2436 736 2450 .
762 2437 769 2451 .
796 2436 803 2451 .
830 2436 849 2466 .,
872 2387 943 2452 siae
965 2386 1019 2451 ira
1044 2435 1051 2450 .
1078 2434 1085 2450 .
1110 2407 1172 2452 ero.
1219 2386 1295 2450 ira-

118 2493 266 2559 caadia
298 2514 389 2575 opas
420 2498 473 2559 esi
503 2495 551 2559 aci
576 2471 829 2577 paeniendum.
875 2491 979 2575 qaid?
1011 2493 1069 2558 tibi
1097 2491 1147 2557 lea
1169 2489 1296 2559 cicietur

120 2597 218 2665 irasci
239 2599 281 2666 iis
303 2621 381 2682 quoe
402 2621 472 2667 aaa
498 2600 589 2668 auoit
611 2653 619 2668 .
643 2651 651 2667 .
679 2652 687 2667 .
713 2601 744 2666 ..2
770 2637 810 2646 —
836 2602 916 2665 haec
944 2600 972 2665 si
1000 2606 1102 2681 teneS,
1128 2601 1294 2684 concedes

122 2709 210 2785 puto,
249 2721 362 2786 parum
400 2713 476 2787 apte
518 2709 713 2792 praeparari
759 2725 816 2772 nos
860 2707 903 2772 ad
946 2712 1137 2788 argumenta
1181 2708 1295 2774 adver-

121 2809 211 2890 sarii,
255 2830 337 2892 quae
382 2813 508 2879 minime
546 2832 640 2894 nova,
680 2815 774 2879 immo
815 2832 897 2894 quae
936 2814 1065 2895 saepius
1103 2814 1194 2879 nobis
1232 2813 1295 2880 iem

122 2915 284 2982 inculcata
321 2926 405 3001 sunt,
444 2920 605 3002 panucula
636 2921 694 2986 illa
726 2920 962 3000 interrogative
994 2926 1027 2985 ei
1060 2922 1156 3002 plena
1188 2942 1295 3004 quare.

121 3025 213 3104 atqui
253 3044 315 3090 uno
354 3027 444 3092 velut
480 3027 545 3092 ictu
590 3028 672 3093 duae
716 3027 925 3109 offensiones,
968 3027 1081 3108 quibus
1119 3028 1172 3094 hic
1209 3030 1297 3097 locus

122 3130 259 3214 laborat,
293 3138 509 3218 removentur,
547 3135 575 3201 si
610 3135 740 3201 scribis:
768 3134 900 3218 patris
936 3135 1126 3217 beneficia
1161 3156 1182 3200 a
1214 3133 1299 3219 filii

122 3236 324 3320 beneficiis
367 3261 445 3307 aaa
483 3247 646 3324 possaai
690 3244 875 3326 aeqacaai,
919 3243 997 3325 qaia
1041 3242 1140 3308 uitam
1186 3243 1301 3326 accepit

125 3363 148 3407 a
180 3349 288 3428 patre,
327 3364 425 3427 quiam
462 3347 528 3412 aiei
565 3348 734 3430 accepisset,
776 3349 871 3414 realia
910 3351 988 3414 aare
1026 3347 1172 3430 beneficia
1204 3354 1298 3432 pota·

123 3450 204 3518 isset.
251 3451 299 3516 sic
315 3452 449 3533 demum,
475 3454 595 3536 opinor,
621 3456 784 3520 sententia
799 3474 889 3521 suum
906 3439 991 3546 ἦθος
1011 3455 1152 3520 habebit.
1200 3456 1295 3521 simul
1336 3434 1341 3446 ⁸

125 3555 206 3622 illud
239 3562 273 3622 te
304 3576 367 3623 non
399 3559 503 3642 fugiet
534 3561 793 3629 interlocutorem
828 3565 915 3629 illum
949 3565 1013 3628 iam
1046 3564 1093 3628 ita
1118 3564 1300 3644 pr‘obetioui

128 3664 372 3745 potentissimae
388 3666 532 3734 Senecae
548 3669 684 3736 cessisse
709 3676 746 3736 ui
768 3670 905 3737 filiorum
929 3671 1086 3736 beneficia
1111 3690 1130 3736 a
1154 3671 1299 3753 paternis

125 3787 189 3834 non
212 3770 275 3836 iam
306 3771 415 3852 utique
445 3774 550 3843 aiaci
583 3777 672 3859 velit,
707 3777 765 3843 sed
784 3777 826 3842 ed
846 3776 879 3842 ia
904 3778 1097 3843 descendat:
1130 3799 1214 3845 aaa
1236 3798 1298 3859 ae·

123 3878 252 3959 caari
271 3880 444 3965 posse*).

217 4053 242 4119 *i
261 4057 290 4115 iu
309 4061 464 4114 transcursu
485 4058 571 4114 locum
590 4058 836 4129 desperatissimum
854 4064 986 4128 temptare
1005 4061 1070 4116 mihi
1088 4061 1177 4128 liceat,
1203 4061 1228 4117 d.
1241 4061 1301 4118 ,bo-

125 4141 364 4213 nef.1v,12‚5:
388 4163 463 4202 acmo
485 4147 665 4202 Tusculanam
687 4150 738 4202 aui
765 4147 936 4203 Tiburtinae
960 4153 1110 4218 paraturas
1135 4149 1301 4208 aloniaco

123 4246 206 4284 cauca
223 4235 251 4286 et
271 4234 365 4288 aestivi
387 4253 504 4302 messae,
530 4239 606 4305 quoto
624 4253 695 4290 anuo
713 4240 852 4306 empturas
868 4237 912 4303 eit,
931 4238 1067 4309 dispatai;
1089 4240 1193 4310 †caaa
1222 4240 1298 4308 crit,

126 4320 284 4377 taeadam
301 4327 357 4381 eei.
392 4325 483 4379 eadem
500 4324 531 4378 ia
548 4323 666 4391 beuefiao
683 4325 754 4380 ratio
771 4329 823 4381 eet:
851 4344 916 4382 uam
933 4345 994 4384 cam
1015 4328 1220 4403 iateraoqaaerio
1237 4329 1301 4400 auid
