2820 4764
678 244 719 303 42

111 453 312 536 stipendiis.
340 503 348 519 .
373 503 381 518 .
407 503 414 518 .
437 452 541 536 facere
574 457 608 518 et
641 455 688 520 acl
722 458 827 518 aetius
859 451 957 517 ulios
991 453 1139 518 artimus
1169 451 1298 536 referre

112 562 278 648 cirpiuam
322 560 492 626 Vestalium
528 582 612 626 more
636 613 643 627 .
670 609 676 622 .
702 610 710 625 .
735 609 743 626 .
770 597 809 606 —·
846 559 939 640 qnae'
963 559 992 623 si
1015 559 1165 640 accipies
1190 560 1293 626 etiam

114 666 195 732 alios
229 667 261 731 in
290 666 459 731 aliorum
488 673 612 733 mutare
640 666 736 731 facile
765 666 903 731 animum
930 665 1077 746 induces3
1117 665 1298 748 genetivus

115 774 198 839 eninr
226 773 278 838 hic
305 775 403 838 ninlto
432 773 539 854 aptior
568 772 699 854 eiusque
728 773 803 838 talis
832 773 1015 854 corruptela
1042 773 1170 838 minime
1197 791 1295 854 raru3

115 880 171 962 (ci.
204 882 244 946 de
276 883 337 946 hac
364 901 400 945 re
430 881 584 947 Gertzii
612 881 700 945 illam
729 899 906 962 excursum,
936 899 967 961 p.
992 887 1056 946 413
1082 879 1161 964 sq.):
1191 883 1221 944 et
1244 879 1300 944 acl

115 992 220 1055 aattas
243 989 411 1053 aliorum
435 989 583 1054 auimos
606 988 750 1071 referre
774 1039 780 1053 .
807 1036 813 1051 .
841 1036 848 1052 .
874 1036 882 1051 .

206 1116 323 1197 dialog.
342 1115 397 1180 IX
413 1115 458 1179 de
481 1113 776 1195 tranquillitate
797 1111 911 1177 animi
932 1131 958 1179 c.
984 1118 1082 1187 16‚3=
1107 1112 1299 1194 patiemim

117 1227 160 1287 est
191 1223 319 1305 turpius
350 1242 447 1304 quam
478 1222 507 1287 si
538 1221 674 1286 maximi
704 1221 770 1285 uiri
799 1220 952 1285 timidos
977 1220 1106 1303 fortiter
1127 1218 1302 1285 marieulle

116 1328 268 1413 faciuut?
302 1348 400 1411 aegre
423 1328 475 1393 hic
492 1328 639 1393 desidero
656 1327 812 1392 obiectum
830 1333 951 1391 certum
969 1327 1136 1407 personale
1151 1326 1300 1392 faciendi

118 1436 409 1517 suppleverimqne:
448 1435 600 1500 timidos
623 1455 693 1499 uos
714 1433 841 1517 fortiter
862 1434 1027 1498 morieualo
1048 1433 1201 1517 faeiuut.
1221 1481 1229 1498 .
1248 1482 1256 1498 .
1277 1482 1300 1517 .,

118 1543 307 1624 praesertim
333 1562 402 1607 cum
426 1542 535 1607 statim
558 1541 605 1606 sic
628 1548 798 1623 pergatur:
835 1541 1013 1606 laudemus
1029 1541 1141 1606 tctieus
1155 1541 1299 1624 dipmum

119 1650 269 1716 laudibus
290 1654 320 1715 et
341 1650 517 1716 dicamas:
553 1653 643 1714 tauta
664 1647 781 1730 tortior·
805 1699 811 1714 .
838 1697 845 1712 .
871 1697 879 1713 .
904 1697 912 1713 .
938 1683 978 1692 -
1004 1647 1151 1713 similiter
1173 1648 1246 1716 VH
1264 1648 1300 1714 d.

120 1755 203 1822 vita
237 1758 353 1822 beata
387 1765 451 1837 5‚4
625 1752 796 1837 (valuptas)
972 1759 1069 1819 totos
1086 1757 1304 1837 partesque

119 1864 223 1929 uestri
249 1863 432 1929 sollicitat.
458 1911 466 1928 .
492 1912 499 1928 .
525 1911 533 1928 .
557 1863 666 1926 Koch
694 1866 766 1942 post
790 1865 865 1925 totos
887 1881 956 1926 uos
978 1860 1113 1941 addidit,
1137 1865 1173 1927 nt
1196 1860 1301 1929 etiam

122 1971 360 2052 Wesenberg
384 1970 496 2036 suasit.

210 2096 306 2161 ibid.
353 2096 467 2161 melius
491 2074 645 2177 distingui
669 2081 765 2159 debet
789 2112 815 2158 c.
844 2098 965 2175 17‚10:
1000 2113 1079 2158 uam
1098 2093 1306 2162 siaeGraeoo

116 2208 227 2286 pobtae
245 2204 415 2269 oredimus:
438 2203 617 2284 aliquamlo
639 2206 669 2267 et
690 2202 838 2266 iusauire
861 2201 1039 2266 iucuaalum
1063 2205 1114 2284 est,
1137 2201 1201 2266 siue
1218 2200 1303 2268 Pla·

122 2310 206 2377 toui:
243 2310 370 2394 fraistra
388 2311 526 2393 politicas
546 2308 630 2392 fares
652 2329 774 2391 campos
799 2308 852 2373 sul
874 2307 1010 2390 pepulit,
1033 2308 1096 2372 siae
1118 2306 1305 2375 Aristoteli:

122 2418 252 2483 mullum
283 2438 438 2503 mapulam
470 2417 638 2502 iupeuiam
669 2416 740 2480 siue
771 2417 916 2480 miatura
944 2414 1118 2480 elementiae
1139 2413 1230 2496 fuit:
1255 2451 1300 2462 —

123 2544 192 2590 uou
209 2528 310 2607 potest
330 2524 455 2609 praaale
478 2524 605 2605 aliquid
627 2528 656 2587 et
677 2544 771 2605 super
786 2527 897 2587 ceteras
913 2521 1001 2602 loqui
1016 2522 1084 2587 alsi
1098 2527 1182 2587 mota
1198 2543 1302 2590 amas.

124 2630 177 2712 qui
209 2636 282 2711 post
314 2630 487 2695 demeutiae
511 2628 579 2712 fuit
605 2629 650 2693 nil
675 2628 735 2694 nisi
759 2635 908 2709 punctum
933 2629 1031 2711 ponit,
1057 2629 1160 2694 locum
1184 2649 1301 2711 parum

125 2757 160 2803 se
184 2738 374 2818 intellegere
397 2736 573 2818 significan
610 2735 733 2801 dirimit
755 2735 838 2801 eninr
864 2735 1017 2816 apodosin
1042 2736 1165 2817 periodi
1190 2756 1302 2818 apro·

125 2845 198 2910 tasi.
267 2864 377 2910 verum
421 2844 513 2909 modo
553 2844 595 2908 ad
633 2843 856 2908 illustrandum
896 2842 979 2922 quod
1018 2849 1116 2908 antea
1155 2844 1301 2911 dixerat:

126 2950 265 3032 (animus
294 2952 360 3033 est)
395 2950 574 3032 aliquaudo
609 2954 716 3016 tauma
749 2951 787 3015 iu
819 2949 1047 3015 earaltatiouem
1070 2950 1308 3034 libertatemque

125 3059 341 3124 eatrabeualus
364 3059 524 3139 tristisque
546 3057 696 3122 sobrietas
717 3057 906 3121 remoaeuda
916 3056 1097 3139 paullisper
1113 3059 1194 3122 haec
1209 3057 1304 3124 Ana·

128 3169 278 3230 creontea
293 3164 462 3229 Platonica
478 3164 691 3229 Aristotelica
707 3163 802 3228 alieri
817 3169 852 3227 nt
868 3164 978 3228 statim
996 3182 1034 3228 ea
1051 3165 1305 3244 comprehendat

128 3272 328 3337 conclusione
352 3272 494 3336 adiecta:
533 3291 601 3336 aaa
622 3274 721 3354 potest
740 3271 865 3356 praude
886 3269 1012 3352 aliquid
1025 3319 1032 3335 .
1046 3319 1054 3335 .
1069 3318 1099 3334 ..
1125 3270 1211 3354 loqui
1234 3273 1309 3338 uisi

17 3392 20 3400 ’
128 3384 212 3444 mota
224 3401 320 3445 rreeus.
348 3379 417 3444 sine
437 3378 531 3444 dnbio
553 3384 628 3443 ante
648 3380 728 3443 baec
745 3378 844 3442 verba
864 3377 953 3441 colon
972 3376 1188 3442 necessarium
1205 3377 1311 3465 est.*)

218 3488 262 3552 de
286 3488 492 3553 clementia
516 3488 544 3567 Ι,
563 3494 592 3567 5,
608 3494 642 3551 5:
667 3505 817 3571 mapmam
833 3484 1003 3567 fartuuam
1018 3505 1155 3569 mapaus
1170 3485 1308 3552 auimus

129 3595 217 3677 decet,
243 3595 299 3676 qui
321 3595 389 3661 misi
410 3616 441 3659 se
464 3595 507 3659 ael
529 3594 622 3658 illam
644 3593 759 3658 eatalit
780 3596 810 3656 et
832 3591 928 3656 altior
950 3593 1041 3673 stetit,
1067 3591 1158 3657 illam
1182 3612 1313 3675 quoque

129 3737 342 3746 .--...----.

218 3786 245 3856 *)
265 3789 387 3844 similiter
402 3788 536 3856 parvolam
549 3803 603 3842 rem
621 3792 653 3842 nt
665 3786 836 3855 attingamus,
850 3787 926 3843 ibid.
942 3791 983 3853 17,
995 3791 1010 3842 7
1024 3787 1061 3841 sic
1075 3787 1309 3855 interpungerem:

129 3879 232 3947 piculam
250 3877 393 3932 Palliolum
411 3877 539 3931 Asiuium
559 3918 564 3932 .
585 3919 591 3932 .
612 3918 618 3931 .
638 3919 644 3932 .
662 3876 839 3942 memmimus,
853 3893 928 3945 arcem
940 3877 1015 3930 aulica
1028 3877 1155 3930 resraltra
1167 3875 1311 3931 decumam

130 3967 252 4023 detinuit.
295 3985 328 4021 aa
345 3966 471 4035 epistulas
493 3965 598 4034 quidem
621 3968 682 4033 post
698 3983 756 4020 aaut
774 3966 867 4020 boram
885 3966 980 4035 tepebat
996 3983 1028 4019 aa
1046 3965 1111 4034 quill
1127 3981 1210 4019 marae
1227 3981 1314 4022 carae

129 4060 281 4113 numeretur
299 4074 308 4109 :
325 4055 369 4110 aad
394 4055 474 4110 totius
497 4055 550 4109 diei
567 4055 751 4109 beatudiaem
770 4053 871 4108 duabus
887 4053 941 4108 illis
958 4054 1031 4108 boris
1044 4054 1164 4124 parabat.
1201 4055 1224 4109 si
1243 4055 1309 4110 sim·

130 4148 234 4218 pliciter
261 4153 292 4201 nt
318 4147 434 4201 Haase
463 4152 492 4200 et
515 4145 616 4201 Gertz
635 4161 737 4200 comma
755 4149 816 4199 ante
834 4143 888 4197 eeal
907 4186 913 4199 .
933 4185 940 4200 .
960 4186 967 4199 .
986 4186 993 4199 .
1012 4143 1096 4212 ponis,
1115 4160 1194 4211 qnam
1213 4144 1313 4213 mavis
1385 4162 1388 4167 ·

130 4237 278 4292 intercedat
296 4235 435 4305 oppositio,
456 4251 549 4303 parum
568 4240 681 4303 apparet
699 4232 788 4302 („ober
807 4232 880 4286 dauu
893 4229 975 4287 amb“
998 4274 1004 4287 .
1024 4275 1031 4289 .
1053 4273 1058 4284 .
1079 4232 1106 4301 .).
1137 4231 1314 4291 meoiudicio

132 4331 179 4382 ant
197 4326 281 4393 colon,
300 4330 331 4381 nt
350 4329 420 4396 apnd
438 4329 544 4380 veteres
563 4325 685 4390 editores,
706 4329 753 4378 ant
770 4328 897 4391 punctum
915 4323 1075 4391 ponendum.
1165 4394 1171 4401 ⁸
