2820 4764
632 271 845 363 „m-

151 476 266 560 infro
298 482 437 544 terrori
470 478 608 557 dedidit·
650 480 762 565 uiopui
798 483 903 545 oraton
939 479 1046 545 unirui
1076 479 1249 562 proprium
1282 481 1328 543 est

147 583 313 668 piacidum
348 607 408 651 esso
440 586 716 668 tranquillumque
756 591 786 652 et
823 586 969 653 iniurius
1006 591 1098 670 utque
1136 585 1327 669 offensiones

150 713 287 774 superne
305 693 466 774 despicere.
500 693 547 758 sio
570 694 639 759 cod.
660 693 703 760 N.
729 694 845 760 verba:
869 693 963 777 infru
987 699 1105 760 turum
1122 699 1273 773 corrupta
1289 709 1328 758 ac

152 799 266 863 merito
300 799 475 865 editoribus
508 801 603 883 longe
627 800 772 881 plurimis
796 805 946 882 suspecta
969 807 1055 880 sunt3
1092 801 1227 881 primum
1252 799 1328 881 quia

153 924 210 985 per
227 925 262 972 se
278 906 389 987 inepta
405 912 490 989 sunt,
508 945 549 954 -
567 909 643 988 quid
659 909 741 974 enim
763 909 823 974 hoc
846 908 907 974 sibi
930 910 1014 974 vult:
1038 929 1176 992 mopnus
1199 908 1330 973 errimus

152 1033 303 1098 proprioru
334 1014 505 1097 fortuitum
537 1014 648 1098 infru
681 1019 823 1081 terrem
861 1014 1008 1081 deducit?
1051 1016 1136 1096 apud
1171 1014 1328 1081 Senecam
1395 1041 1398 1049 ¹

153 1127 240 1186 certe
264 1139 416 1202 nusquam
441 1122 519 1186 alibi
542 1122 666 1201 inveni3
703 1122 819 1187 deinde
843 1122 918 1203 quia
941 1123 1022 1187 nihil
1045 1121 1077 1186 in
1101 1122 1142 1188 iis
1167 1126 1217 1186 est
1245 1120 1330 1202 quod

153 1233 241 1292 recte
258 1234 436 1308 opponatur
451 1228 491 1293 iis
507 1248 588 1308 quae
605 1228 814 1294 adversative
830 1230 1059 1294 adnectuntur:
1077 1228 1189 1314 proprii
1204 1232 1329 1294 nutem

153 1336 260 1402 oriiuui
277 1336 451 1418 proprium
475 1340 519 1401 est
534 1336 732 1418 placidiora
755 1358 830 1402 esse
854 1337 1194 1418 tranquilliterque
1219 1387 1226 1401 .
1252 1385 1259 1400 .
1286 1385 1293 1401 .
1319 1385 1326 1401 .

154 1463 226 1509 uam
262 1443 290 1508 si
326 1443 469 1510 obvertis
493 1459 501 1503 :
526 1449 561 1509 at
594 1444 772 1524 insequitur
802 1467 808 1507 :
835 1495 841 1510 .
868 1494 875 1510 .
907 1493 914 1509 .
945 1493 952 1509 .
987 1449 1018 1510 et
1051 1445 1196 1511 iniurius
1234 1447 1327 1525 utque

155 1549 341 1633 offensiones
372 1572 535 1633 superne
568 1552 768 1633 despicere,
802 1550 881 1616 nihil
915 1551 1009 1632 diois;
1037 1551 1087 1616 his
1112 1551 1195 1616 enim
1218 1550 1328 1618 verbis

156 1657 342 1738 exsequitur
364 1657 489 1724 Seneca
514 1662 637 1722 tantum
662 1677 743 1738 quae
767 1659 963 1724 antecedunt
990 1660 1102 1744 moproi
1126 1708 1133 1723 .
1158 1707 1166 1722 .
1193 1708 1200 1722 .
1225 1657 1331 1723 unior-i

154 1813 162 1829 .
188 1814 196 1828 .
222 1814 229 1830 .
254 1770 299 1830 est
315 1766 483 1848 piacidum
512 1787 576 1831 esse
598 1765 892 1847 tranquillumque:
920 1767 1001 1832 baec
1024 1766 1151 1847 quidem
1176 1764 1329 1832 verbosi

154 1893 315 1955 opponere
348 1874 523 1955 voluisset,
557 1873 658 1954 primo
690 1872 777 1955 loco,
812 1878 904 1954 puto,
939 1873 1140 1938 collocasset.
1173 1908 1215 1918 —
1246 1877 1341 1952 quae

155 1981 259 2045 critici
275 1980 380 2045 adhuc
395 1979 607 2060 temptabant,
632 1980 670 2045 iro
693 1984 814 2044 briam
837 1979 891 2045 vel
914 1978 1009 2062 infru
1032 1980 1076 2044 od
1099 1983 1217 2044 terrore
1232 1977 1329 2058 Lips-

154 2088 204 2153 ius
228 2087 326 2170 (quae
350 2085 412 2152 iam
431 2085 615 2153 Gronovius
638 2085 827 2167 refutabat),
852 2085 946 2168 infru
968 2107 1091 2152 sevum
1109 2085 1223 2167 Gertz,
1247 2087 1328 2150 haec

156 2193 326 2260 manifesto
351 2193 442 2259 nihili
459 2213 497 2258 ao
512 2193 616 2275 magis
633 2193 721 2259 diota
736 2200 773 2258 ut
794 2193 915 2273 aliquid
939 2193 1058 2258 dictum
1083 2212 1155 2258 esse
1178 2192 1329 2259 videatur

155 2321 250 2382 quam
283 2320 365 2381 quae
397 2301 462 2366 illis
494 2301 575 2382 ipsis
607 2301 745 2382 probata
768 2299 919 2381 fuissent3
952 2319 1055 2381 neque
1078 2300 1169 2365 nobis
1194 2318 1263 2364 oum
1287 2298 1327 2364 iis

154 2408 240 2474 serio
257 2409 415 2491 agendum
440 2412 500 2473 est.
548 2408 687 2473 scribas:
712 2457 720 2472 .
746 2457 754 2472 .
780 2405 956 2491 .(magnus
980 2406 1118 2491 animus)
1142 2407 1210 2472 uisi
1232 2429 1264 2472 se
1285 2406 1329 2472 ool

154 2516 245 2582 ilioni
278 2517 392 2581 ontulit
419 2521 449 2581 et
479 2516 578 2581 altior
600 2516 692 2602 stetit,
724 2514 816 2581 illuni
847 2536 968 2597 quoque
991 2515 1038 2581 in
1059 2514 1255 2598 feritatem
1279 2513 1329 2578 de·

155 2625 265 2688 ducit.
285 2672 293 2687 .
312 2671 346 2688 ..
371 2623 483 2704 quibus
501 2623 618 2703 optime
640 2622 808 2702 sequentia
831 2628 1048 2703 opponuntur:
1072 2621 1184 2707 proprii
1207 2625 1330 2685 eutem

156 2730 262 2794 opimi
281 2731 454 2811 proprium
476 2733 522 2794 est
538 2729 738 2810 piacidum
760 2750 836 2793 esse
859 2729 1197 2810 tranquillumque
1221 2776 1229 2792 .
1254 2775 1262 2791 .
1288 2774 1295 2790 .
1321 2773 1330 2790 .

156 2837 216 2902 boo
254 2885 260 2900 .
292 2887 297 2901 .
330 2885 337 2899 .
370 2886 376 2900 .
418 2857 583 2917 superae
614 2835 767 2918 despicere
799 2834 896 2900 etiam
935 2841 1011 2900 tuno
1043 2836 1125 2899 bene
1157 2833 1332 2914 respondet

155 2943 218 3009 illi:
242 2963 274 3008 se
298 2994 305 3008 .
332 2993 339 3007 .
364 2943 480 3008 estid-it
500 2947 529 3007 et
550 2943 673 3008 altior
695 2943 787 3007 stet't.

130 3080 137 3090 ·
245 3069 338 3131 quam
356 3049 451 3115 facile
468 3051 506 3116 iri
519 3050 678 3133 feritatem
701 3049 733 3114 in
757 3048 851 3132 infru
875 3055 993 3114 terrori
1015 3049 1173 3130 corrumpi
1190 3047 1332 3129 potuerit

157 3177 267 3238 perse
289 3164 440 3239 apparet3
465 3177 504 3222 ao
527 3158 682 3238 quomodo
705 3157 763 3222 fiat
786 3162 822 3223 ut
838 3157 963 3224 Seneca
985 3159 1045 3222 hoc
1072 3158 1143 3222 loco
1169 3156 1203 3221 in
1231 3154 1332 3236 ipsius

158 3263 300 3328 feritatis
324 3265 483 3329 notionem
507 3264 640 3343 incidat,
665 3265 774 3329 statim
797 3265 968 3348 intelleges
992 3264 1020 3330 si
1043 3265 1076 3330 id
1107 3264 1166 3328 tibi
1197 3279 1331 3328 revocas

158 3370 282 3435 feritati
311 3369 426 3450 opponi
456 3369 654 3434 clementiam
686 3371 735 3434 cui
764 3371 1033 3436 commendandae
1062 3377 1131 3435 tota
1158 3371 1240 3435 haec
1267 3369 1331 3434 dis·

159 3477 282 3557 putatio
306 3476 452 3543 inservit.
500 3475 541 3541 of.
566 3477 713 3558 11,4,1:
738 3477 817 3558 quid
838 3499 910 3564 erpo
933 3479 1109 3561 opponitur
1131 3473 1332 3543 charentine?

158 3584 371 3650 erudelitas
385 3604 469 3665 quoe
479 3583 565 3649 nihii
576 3583 667 3648 uliud
676 3587 721 3648 est
732 3604 828 3666 quoru
841 3586 991 3652 atrocitas
1003 3585 1109 3651 opimi
1121 3585 1160 3650 iro
1171 3583 1332 3670 exipendis

152 3693 275 3775 poeuis.
304 3692 385 3756 haeo
398 3710 461 3755 cru
470 3691 613 3756 delites
626 3710 823 3773 exsuperans
835 3693 1020 3773 appellatur
1031 3690 1170 3758 feritas:
1187 3691 1264 3756 ibid.
1278 3687 1297 3776 ξ
1311 3695 1330 3754 2

152 3819 323 3882 possumus
340 3799 438 3863 dicere
454 3818 523 3863 nort
543 3819 603 3863 esse
627 3799 711 3864 nouo
734 3799 948 3865 crudelitatem
971 3802 1023 3866 sed
1044 3799 1255 3883 feritatem·
1279 3797 1332 3864 oui

158 3906 313 3991 uoluptati
327 3905 460 3971 saeuitia
476 3910 528 3970 est.
560 3910 708 3970 naturam
721 3907 906 3972 Phalaridis
922 3927 950 3973 e.
965 3927 995 3990 g.
1014 3905 1033 3993 ξ
1047 3915 1067 3983 3
1081 3907 1157 3972 ibid.
1183 3905 1333 3971 docemur

158 4015 318 4078 crudelem
344 4033 429 4080 esse:
454 4012 526 4078 iilos
548 4035 619 4098 erpo
642 4013 811 4080 crudeles
833 4015 954 4098 oooobo,
986 4016 1043 4098 proi
1065 4016 1231 4098 puniendi
1257 4035 1335 4080 cau·

120 4109 124 4117 ’
157 4137 227 4182 suoi
248 4119 374 4203 hebeat,
399 4122 529 4187 modurn
553 4142 622 4187 riou
644 4121 770 4201 hubent,
794 4123 889 4189 acuti
911 4123 1088 4188 Pluuiorim
1116 4143 1207 4204 pueri
1234 4122 1334 4188 eiurat

156 4226 380 4307 meconidem
412 4229 451 4294 ire
482 4229 626 4294 borsines
657 4230 842 4295 innocentes
872 4231 925 4295 sed
957 4251 1051 4314 super
1084 4230 1266 4297 litimonium
1294 4251 1331 4296 oo

152 4330 354 4415 probabilem
369 4336 497 4400 modum
512 4336 658 4418 saeuisse·
675 4373 719 4383 -
735 4337 845 4401 eadem
866 4339 1035 4404 contrade
1052 4338 1102 4403 ira
1125 4339 1173 4422 II,
1192 4347 1221 4424 5,
1235 4349 1251 4408 1
1263 4361 1332 4424 sqq.
