2820 4764
677 208 717 268 23

116 423 193 484 aute
217 416 322 482 omnia
346 433 424 496 opus
449 420 507 496 est,
532 417 642 480 horum
666 415 819 480 librorum
844 412 1052 493 dispositione
1074 412 1176 478 satius
1200 430 1291 475 accu-

118 529 191 590 rate
215 524 400 589 examinata
431 523 573 587 ordinem
604 522 776 603 praecipue
807 528 902 602 atque
930 538 1030 586 nexus
1061 519 1292 586 sententiarum

117 649 319 711 percensere,
349 629 377 694 si
400 628 486 694 forte
509 628 650 710 vestigia
679 630 835 708 quaedam
867 627 1044 692 redactoris
1075 627 1208 691 alicuius
1239 627 1293 692 vel

115 736 356 818 interpolatoris
380 738 434 802 vel
458 736 720 801 contaminatoris
744 736 943 816 deprendere
968 735 1135 814 possimus.

208 867 306 942 atque
332 863 451 942 primus
475 862 568 942 liber,
592 861 619 926 si
643 861 676 925 id
702 879 907 941 praesumere
930 860 1016 940 licet,
1048 860 1103 925 vix
1126 859 1292 940 quicquam

119 968 302 1034 offensionis
325 969 485 1050 gravioris
509 970 652 1048 praebet.
699 987 791 1048 quem
809 974 936 1031 constat
950 967 1062 1032 indeo
1086 973 1151 1047 2,4
1168 967 1291 1031 demum

117 1075 148 1139 iu
174 1075 335 1140 codicibus
359 1095 415 1140 suo
439 1095 522 1140 nexu
547 1075 763 1139 continuatum
789 1074 886 1139 tradi.
933 1073 1058 1138 scilicet
1087 1073 1211 1137 initium
1241 1091 1292 1137 us·

118 1200 180 1261 que
204 1182 246 1246 ad
279 1183 382 1248 verba
413 1184 525 1264 cupitis
558 1183 702 1263 dolopuu
733 1182 767 1245 in
799 1181 1017 1247 vetustissimo
1051 1180 1160 1244 codice
1196 1179 1227 1242 A
1260 1178 1293 1243 in

112 1285 238 1373 popilio
262 1290 393 1353 odvemu
411 1288 486 1371 folii
502 1288 710 1353 antecedentis
725 1307 822 1369 quom
838 1307 972 1352 coccione
987 1287 1160 1367 reliqueret
1176 1307 1294 1359 onorius

112 1397 217 1478 prior,
242 1415 263 1459 o
286 1415 389 1460 monn
411 1396 655 1481 Lonpobuidico
678 1395 737 1458 iliu
762 1395 897 1476 qccidem,
922 1396 974 1459 sed
998 1394 1097 1458 inuito
1124 1394 1295 1458 recentiore

118 1502 261 1566 additum
287 1510 337 1567 est
361 1501 480 1586 (Koch,
506 1502 609 1583 praef.
635 1522 665 1582 p.
691 1499 785 1570 XVl.
832 1501 910 1564 nihil
937 1514 987 1564 est
1011 1500 1094 1580 quod
1117 1503 1177 1564 hoc
1202 1519 1293 1564 exor-

119 1609 204 1672 dium
229 1608 370 1674 eiusdem
393 1610 467 1673 libri
492 1627 564 1673 esse
588 1628 750 1690 negemus.
799 1607 923 1674 Seneca
947 1607 1124 1687 scripturus
1146 1607 1294 1688 quemod-

119 1716 249 1780 modunc
267 1717 370 1798 possit
391 1717 445 1780 iro
469 1716 570 1781 leniri
593 1716 693 1796 primo
718 1715 826 1794 capite
850 1714 1048 1795 foeditatem,
1067 1714 1205 1778 secundo
1223 1732 1294 1792 per·

118 1823 257 1888 niciosos
281 1830 415 1888 eventus
444 1823 512 1887 irae
541 1823 639 1887 oculis
670 1821 833 1903 proponit;
859 1828 926 1902 2,4
957 1828 1030 1901 post
1057 1822 1201 1885 lacunam
1231 1821 1295 1884 iam

118 1929 150 1993 in
176 1929 379 1994 defendenda
403 1930 588 1994 definitione
622 1949 681 1994 sua
713 1928 963 2007 refellendisque
994 1927 1191 1992 adversariis
1223 1947 1294 1992 ver·

119 2044 221 2101 satur.
268 2044 421 2115 quantum
446 2037 603 2101 exciderit
627 2036 689 2100 dioi
718 2037 842 2115 nequit:
874 2036 954 2100 illud
982 2036 1013 2098 in
1047 2035 1214 2114 propatulo
1245 2041 1296 2100 est

119 2143 308 2223 scriptorem
334 2145 373 2208 de
397 2143 633 2208 definitionibus
649 2143 718 2207 irae
735 2143 841 2223 egisse
858 2140 914 2224 (ct.
934 2149 964 2222 3,
980 2153 1015 2207 2:
1035 2142 1183 2223 primuni
1199 2143 1295 2206 dioci-

120 2271 201 2315 mns
224 2251 473 2332 cupiditatem
497 2272 571 2316 esse
589 2271 724 2333 poenue
746 2251 955 2335 ccipendoe
979 2300 986 2314 .
1013 2298 1020 2313 .
1046 2299 1053 2314 .
1081 2251 1119 2332 .).
1150 2268 1231 2329 quae
1256 2250 1295 2314 de

120 2357 183 2420 hac
209 2357 326 2421 lacuna
358 2363 503 2422 statuere
537 2377 713 2438 possumus,
748 2359 899 2422 debemus
931 2358 1157 2438 Lactantio,
1191 2358 1221 2420 d.
1246 2357 1297 2420 ira

120 2463 186 2526 Dei
212 2470 336 2546 17,1a:
361 2466 450 2530 errius
473 2467 574 2531 verba
598 2471 671 2546 post
696 2472 759 2546 2,4
784 2469 819 2529 nt
842 2464 1025 2529 Annaeana
1048 2465 1192 2528 inserere
1208 2473 1297 2529 recte

120 2573 237 2636 Haase
259 2591 320 2637 non
338 2573 509 2638 dubitavit.
557 2591 574 2636 e
599 2592 686 2637 more
710 2592 766 2637 suo
792 2572 916 2639 Seneca
940 2573 1056 2655 quippe
1080 2574 1119 2636 de
1145 2590 1201 2634 suo
1218 2571 1296 2634 nihil

121 2696 269 2757 promens
286 2679 338 2742 hic
361 2678 509 2762 plures*)
527 2680 739 2750 definitiones,
756 2698 946 2744 summorum
964 2679 1143 2744 Stoicorum
1161 2678 1296 2746 scilicet.

122 2782 221 2847 dedit.
269 2792 440 2862 praeterea
464 2803 525 2848 non
559 2785 606 2848 ita
641 2785 740 2849 multa
775 2785 887 2849 deesse
920 2785 1106 2864 suspiceris:
1141 2791 1229 2849 certe
1264 2784 1298 2847 in

122 2889 241 2975 talibus
264 2892 360 2955 rebus
383 2910 469 2955 mere
494 2891 703 2971 speculativis
728 2909 807 2970 quas
836 2909 893 2956 nos
928 2891 1060 2956 dicimus
1093 2909 1155 2954 non
1184 2890 1298 2954 nimius

122 3015 195 3061 esse
220 2997 346 3062 Seneca
376 2999 468 3079 solet,
501 2998 650 3078 profusus
682 3007 794 3063 contra
824 2998 857 3063 in
887 2999 1000 3063 morali
1031 2997 1297 3063 declamationum

121 3123 251 3185 genere.

215 3231 272 3294 sed
296 3227 465 3296 videamus
490 3251 594 3311 porro
642 3232 858 3296 adnectuntur
874 3230 1089 3310 quaestiones,
1106 3248 1148 3293 arr
1164 3228 1197 3292 iu
1212 3229 1298 3294 feras

122 3335 173 3399 ira
197 3337 293 3400 cadat
326 3337 366 3418 (c.
394 3337 438 3420 3),
471 3357 532 3418 quo
564 3338 661 3402 distet
690 3339 730 3402 ab
758 3337 939 3419 iracundia,
970 3343 1047 3417 quot
1076 3336 1144 3401 eius
1174 3337 1298 3416 species

122 3443 189 3507 sint
211 3442 272 3526 (4),
297 3463 339 3508 an
363 3446 535 3508 seeundum
561 3444 695 3509 hominis
720 3453 867 3509 naturam
889 3445 932 3509 sit
948 3442 1016 3528 (5);
1042 3451 1105 3508 tum
1124 3463 1181 3523 per
1197 3448 1297 3508 totum

122 3549 192 3614 fere
216 3550 369 3630 reliquum
394 3550 510 3615 librum
533 3571 580 3615 on
603 3550 694 3616 utilis
716 3555 809 3632 utque
831 3572 870 3615 coc
887 3554 982 3633 porte
1002 3549 1114 3631 utiquo
1130 3551 1299 3615 retinendo

121 3655 226 3739 (5,1).
252 3658 291 3722 de
316 3676 377 3737 quo
401 3657 448 3722 sic
471 3658 670 3738 disputatur:
695 3677 715 3721 a
739 3657 935 3738 castigatore
958 3657 1039 3721 iram
1065 3656 1202 3721 alienam
1227 3676 1297 3721 esse

122 3764 240 3829 debere
266 3763 329 3848 (6),
355 3784 416 3828 non
440 3765 549 3830 utilem
576 3784 647 3830 esse
671 3784 711 3828 ne
734 3764 767 3829 iu
791 3765 876 3829 bello
907 3765 1032 3845 quidem
1064 3765 1198 3844 ideoque
1228 3762 1298 3827 fun·

123 3871 209 3936 ditus
233 3872 435 3937 evellendam
459 3873 554 3952 (haec
577 3871 716 3937 maxime
740 3878 852 3936 contra
868 3870 1091 3951 Aristotelem,
1116 3889 1142 3935 c.
1165 3868 1209 3951 9),
1234 3870 1300 3934 alia

212 4098 238 4167 *t
258 4104 293 4157 ot.
313 4104 351 4157 de
371 4096 464 4158 clem.
482 4105 521 4158 ll.
541 4105 608 4168 3,1:
641 4082 744 4171 plura
757 4119 903 4172 proponere
923 4101 1007 4156 totius
1025 4104 1070 4166 cst,
1089 4118 1122 4154 cce
1140 4117 1196 4155 uno
1211 4100 1300 4166 finitio

121 4208 222 4260 parum
238 4200 295 4246 rem
312 4191 514 4260 conparantur
529 4195 555 4245 ct
572 4195 606 4246 ut
621 4192 661 4245 ito
679 4192 775 4258 dicore,
791 4193 911 4260 formula
929 4191 1041 4245 excidat.
1083 4191 1175 4245 videas
1193 4191 1301 4259 insuper

121 4281 159 4336 de
178 4280 236 4338 vit.
254 4279 339 4338 beet.
357 4284 419 4348 4,1.
1184 4279 1187 4282 ’
