2820 4764
594 272 806 365 *3⁷*

248 481 355 545 ordeo
373 480 485 564 primu
508 480 562 544 oio
585 485 679 547 estet
701 500 798 563 quom
820 479 876 544 vioe
897 497 996 543 mure
1018 480 1151 542 recentes

248 588 425 652 ereitrroitar
447 587 520 669 epici
544 634 716 653 ......
742 591 794 653 etc.

251 851 259 866 .
286 849 293 866 .
318 849 325 865 .
352 849 359 865 .
386 800 504 885 Tethys
526 801 602 866 solet
629 801 704 866 iroov
728 801 841 866 uereri.

204 907 279 974 baec
301 929 373 974 ciera
396 908 537 974 audisset
558 908 612 973 ille
632 928 802 994 poderosus
824 907 1013 988 adulescens,
1034 905 1147 988 placet,
1169 904 1287 987 idquit,

115 1016 186 1095 eicie
210 1015 345 1081 escendo.
392 1019 437 1080 est
457 1019 543 1080 tereti
555 1035 613 1098 per
626 1015 699 1094 isto
721 1015 770 1080 ire
788 1035 911 1080 casuro.
959 1032 1028 1079 mort
1043 1012 1165 1078 desierit
1186 1032 1288 1076 acrem

111 1123 263 1188 ccriiroiorr
287 1126 371 1187 reela
395 1123 558 1186 territare:
940 1138 944 1147 ·
1099 1120 1100 1124 ’

248 1235 345 1310 atque
366 1230 453 1294 olori
476 1233 583 1295 terreos
606 1229 760 1311 rredloqcre
782 1250 888 1293 errore
912 1228 1055 1292 treberis

251 1383 624 1401 ............
648 1335 840 1418 violentique
863 1355 920 1400 oro
943 1335 1053 1400 leoriis.

200 1449 273 1526 post
295 1444 369 1510 boec
391 1445 452 1509 oit:
476 1444 573 1528 iuape
596 1444 686 1509 datos
708 1464 833 1509 mimus.
864 1443 915 1508 bis
938 1442 1053 1524 quibas
1076 1442 1227 1506 deterreri
1241 1462 1290 1504 rue

110 1555 219 1634 partes,
243 1551 361 1616 irioilor
386 1601 392 1616 .
419 1599 425 1615 .
453 1601 459 1615 .
485 1599 493 1614 .

205 1657 344 1723 maxime
377 1657 429 1722 hie
462 1657 612 1722 obscurat
650 1656 827 1723 orationem
865 1655 1043 1721 immutatio
1076 1655 1288 1720 subiectorum

116 1784 177 1830 uon
201 1764 358 1829 iudicata
403 1763 472 1843 quis
495 1784 565 1828 riori
588 1764 707 1829 desiuit
727 1784 830 1830 ocrero
853 1764 1002 1829 amimam
1017 1767 1106 1827 meta
1121 1759 1290 1826 territare?

113 1891 229 1952 uempe
262 1871 334 1951 8013
366 1873 426 1936 hoc
459 1871 640 1953 ferendum,
679 1871 892 1952 unusquisque
925 1871 1008 1935 enim
1041 1872 1102 1934 hoc
1134 1868 1290 1950 perfacile

113 1978 349 2059 subintellegit.
396 1978 453 2042 sed
488 1978 558 2057 quis
589 1982 662 2059 post
699 1978 773 2044 boec
807 1979 869 2042 oit:
904 1979 1002 2063 iroaye
1034 1979 1123 2042 dotos
1154 1975 1291 2042 curras?

114 2104 200 2150 anne
228 2085 344 2150 iterum
378 2082 458 2150 Sol?
487 2085 625 2164 minime,
654 2084 749 2149 immo
774 2085 955 2151 Phaethon:
987 2085 1047 2148 hoe
1070 2103 1139 2148 meo
1163 2083 1288 2163 quidem

115 2191 233 2257 iudicio
262 2191 340 2255 ferri
367 2191 487 2270 nequit.
543 2192 626 2256 duae
658 2192 803 2257 medelae
836 2209 909 2258 sese
943 2191 1080 2257 offerunt
1113 2191 1154 2255 ad
1187 2191 1289 2254 locum

116 2300 201 2364 huuc
225 2298 473 2379 expediendum:
499 2307 555 2363 aut
579 2299 741 2380 supplebis
758 2298 935 2365 subiectum
953 2299 1045 2366 verbi
1062 2299 1188 2380 desiuit,
1207 2298 1290 2377 quod

115 2406 164 2471 itu
187 2405 306 2486 optime
330 2404 386 2471 fiet
409 2412 544 2470 utente
568 2424 680 2472 vocem
705 2426 808 2472 ocrem
832 2407 955 2472 adicias
979 2406 1059 2471 ulter
1082 2406 1134 2471 vel
1147 2404 1290 2487 procer)

116 2520 172 2578 ecit
196 2513 278 2594 quod
301 2513 409 2593 paullo
433 2512 637 2579 aitificiosius
661 2518 712 2580 est
736 2549 777 2557 -
803 2518 876 2595 erat
899 2532 969 2579 oiim
991 2513 1067 2579 mihi
1088 2514 1191 2594 magis
1208 2513 1290 2576 ami-

112 2620 275 2684 cle1·et·-
299 2620 422 2685 scribes
446 2621 563 2686 leuiter
585 2621 773 2686 immutans:

250 2747 320 2791 riori
341 2728 376 2791 si
383 2728 444 2792 ait
467 2747 569 2792 ocrem
592 2729 742 2792 orimum
766 2732 850 2791 rocta
874 2727 1044 2792 territori:

116 2869 157 2879 -
183 2833 229 2898 sic
252 2833 336 2899 idem
361 2834 538 2898 subiectum
562 2840 756 2899 remaneret.

206 2978 253 3042 Π.
291 2978 335 3041 de
368 2977 593 3042 constantia
637 2977 832 3058 sapientis
868 2996 894 3041 c.
929 2983 1023 3058 12,1
1062 2975 1115 3040 ubi
1156 2975 1289 3056 legitur:

113 3104 208 3165 picea
231 3085 380 3150 eolorare
404 3105 463 3150 rios
486 3086 638 3150 adversus
657 3107 775 3167 proeros
799 3085 957 3167 babemus,
983 3084 1069 3150 bario
1090 3084 1218 3166 sopiens
1233 3084 1290 3147 dd·

115 3211 224 3269 oorscos
247 3212 363 3273 macies,
387 3192 503 3273 quibus
530 3194 625 3258 etium
649 3198 723 3276 post
748 3194 912 3259 iuuentam
940 3213 1095 3275 certosque
1117 3190 1291 3275 puerilitas

112 3301 169 3377 est,
195 3296 329 3361 offendit
351 3317 402 3364 me
425 3300 485 3363 hoc
503 3305 577 3381 post
598 3320 762 3383 conosque,
788 3301 879 3380 quasi
904 3319 982 3366 vero
1006 3312 1079 3381 post
1104 3319 1202 3364 corios
1225 3297 1290 3362 albi

117 3404 261 3469 veniant.
295 3408 331 3468 at
353 3405 407 3484 qui
435 3405 656 3488 insenuerunt,
690 3408 752 3472 iam
780 3426 878 3495 'senes
910 3408 989 3473 tacti
1022 3412 1110 3472 suut:
1144 3405 1289 3486 equidem

113 3510 261 3590 suspicor
295 3511 343 3576 sic
378 3510 531 3592 seriptum
574 3513 689 3579 fuisse:
741 3515 856 3596 quibos
891 3515 986 3579 etiarn
1018 3519 1091 3595 post
1126 3515 1289 3578 iicoerrtorn

112 3618 301 3700 -cortisqae
319 3619 492 3701 picerilitos
515 3625 568 3685 est.

206 3731 348 3792 ceterum
372 3727 463 3792 ibid.
492 3735 590 3811 14,4;
637 3749 706 3795 aori
734 3729 862 3812 respioit
891 3729 971 3811 perid
1000 3729 1169 3794 liorairics
1200 3731 1291 3808 turpe

114 3835 262 3900 iadicerrt
284 3840 343 3900 acet
365 3836 517 3902 rammam
542 3836 662 3904 Gertz
686 3856 743 3918 pro
767 3837 910 3902 homiues
939 3855 1047 3901 errore
1076 3834 1206 3914 scripsit
1227 3857 1290 3898 orr-

116 3944 427 4029 desperabamus
458 3967 598 4011 errorem
631 3963 798 4011 removere
826 3944 888 4010 sibi
910 3945 1010 4011 visus.
1058 3944 1105 4007 ait
1140 3943 1221 4006 euim
1258 3957 1291 4006 et.

116 4050 226 4130 paullo
250 4057 326 4118 ante
351 4053 428 4136 legi:
453 4054 573 4120 reiicit.
598 4102 606 4118 .
632 4102 639 4117 .
667 4104 673 4119 .
698 4053 745 4118 ito
772 4053 875 4118 videri
902 4051 1042 4135 sapienti
1069 4055 1105 4114 ot
1134 4050 1290 4129 omuibus,

114 4166 153 4222 et
177 4158 285 4238 paullo
308 4165 395 4241 post:
420 4163 571 4228 aduersus
594 4161 778 4244 opiriiorreor
801 4160 947 4226 omarum
962 4158 1060 4223 rodit.
1094 4158 1193 4222 miror
1209 4157 1291 4220 lianc

208 4349 235 4418 ⁸⁸)
256 4353 305 4409 hoe
323 4355 447 4425 probavit
464 4355 652 4427 Kiessling.
