2820 4764
673 248 709 304 51

592 332 800 340 —-———·--——

131 752 133 756 Ι
197 557 617 724 SENTENTIAE
657 553 1198 680 CONTROVERSAE.

619 810 778 818 --—.-.——

682 933 711 998 Ι.

200 1076 403 1161 Dirisionem
443 1076 630 1158 bipertitam
673 1093 827 1159 generum
868 1072 997 1140 dicendi
1028 1073 1071 1139 ad
1102 1073 1287 1140 Isocratem

112 1184 229 1250 refero.

677 1324 725 1389 ΙΙ.

203 1449 379 1517 Fowleri
422 1449 514 1534 (diss.
559 1450 664 1514 Bonn.
740 1455 826 1513 1885
871 1466 902 1529 p.
953 1444 1047 1532 iaso)
1105 1445 1289 1530 fragmenta

117 1565 247 1627 13—15
293 1575 425 1645 prorsus
470 1555 604 1622 incertis
649 1554 827 1621 rationibus
865 1552 1017 1621 Panaetii
1057 1552 1179 1636 scripto
1217 1551 1289 1637 περὶ

115 1662 278 1748 εὐθυμίας
300 1663 517 1732 vindicantur.

669 1807 737 1874 HL

204 1935 360 2002 Senecam
376 1933 410 1999 in
425 1933 535 1999 libello
555 1934 596 1999 de
618 1931 856 2014 tranquillitate
879 1929 978 1997 animi
1001 1929 1110 2012 aliqua
1132 1948 1173 1996 ex
1195 1933 1290 2011 parte

116 2040 361 2108 Athenodorum
384 2047 527 2107 secutum
551 2058 623 2107 esse
646 2040 815 2106 contendo.

672 2184 734 2254 IV.

205 2311 291 2377 Plut.
332 2332 366 2375 π.
404 2307 523 2390 εὐίου.
558 2315 621 2378 477
655 2306 683 2371 F
713 2307 755 2393 (c.
788 2306 846 2394 20)
869 2307 939 2373 cod.
974 2303 1221 2387 Dscriptnram
1243 2301 1292 2369 sio

116 2418 300 2500 legendam:
337 2413 397 2498 οὐχ
432 2413 520 2490 ὅπως
554 2413 644 2484 αὐτοὶ
682 2411 744 2499 μὲν
779 2415 902 2491 ἑαυτοῖς
937 2408 1103 2499 ἀναπνοήν
1137 2433 1206 2475 τινα
1239 2407 1292 2474 καὶ

116 2519 276 2613 ῥᾳστώνην
327 2527 496 2608 πορίζουσί
538 2529 645 2590 ποθεν
678 2523 787 2610 (editt.
836 2522 1082 2605 πορίζουσιν·
1139 2513 1291 2602 πόθους),

117 2627 185 2696 ἀλλ’
209 2627 286 2697 οὐδὲ
310 2631 423 2714 ἑτέρων
448 2683 455 2698 .
481 2683 488 2699 .
515 2681 523 2698 .

683 2774 723 2844 V.

207 2900 252 2965 In
275 2898 412 2963 libello
436 2897 519 2980 περὶ
543 2893 668 2983 ὕψους
691 2899 741 2964 ed.
766 2898 856 2965 Jahn
879 2917 909 2979 p.
942 2904 994 2978 32,
1019 2907 1038 2964 8
1063 2895 1196 2965 conicio:
1241 2891 1293 2959 καὶ

117 3003 154 3070 ἐν
190 3002 386 3094 τηλικούτους
428 3001 527 3093 ἥρωσι
563 3013 680 3088 κριταῖς
717 3027 750 3071 σε
788 3003 841 3070 καὶ
878 3000 1032 3087 μάρτυσιν
1065 2999 1199 3086 ὑπέχειν
1233 3003 1294 3067 τῶν

116 3114 327 3196 γραφομένων
349 3108 492 3188 εὐθύνας
516 3113 738 3196 πειρᾶσθαί.

209 3383 301 3469 Quae
324 3383 530 3449 Rossbach
558 3383 591 3449 in
619 3384 794 3451 novissima
821 3383 1086 3452 commentatione
1114 3401 1172 3448 sua
1195 3402 1225 3463 p.
1254 3388 1293 3449 10

120 3490 162 3555 ad
200 3489 410 3557 evincendam
446 3492 515 3557 cod.
568 3492 597 3558 P
631 3493 865 3575 praestantiam
894 3491 1004 3575 affert,
1032 3510 1144 3573 parum
1179 3491 1294 3572 proba-

119 3596 200 3664 bilia
222 3603 306 3664 sunt.

667 3747 747 3815 VII.

209 3869 255 3934 Et
288 3869 488 3950 optimismus
528 3877 563 3938 et
595 3872 811 3953 pessimismus
848 3871 1129 3937 transcendentem
1158 3867 1294 3934 rationis

121 3992 208 4040 usum
233 3977 381 4044 involvit.

547 4223 867 4279 -qsp-..u-
