2820 4764
697 262 737 322 32
780 347 819 352 .-

217 469 313 534 velim
339 470 519 550 perpendas
543 472 637 535 haec:

217 577 283 658 Ill,
310 583 339 657 3,
361 584 392 641 1:
426 578 526 658 utqui
561 581 602 642 ut
636 578 681 642 iro
709 575 919 658 prioribus
955 574 1071 639 libris
1103 573 1202 650 diui,
1246 579 1314 640 stoi

111 683 309 748 Aristoteles
336 683 481 767 defensor
509 684 579 749 irae
605 688 633 748 ei
666 688 748 748 uetat
773 683 865 747 iblour
892 681 984 747 uobis
1011 680 1165 746 exsecari:
1199 681 1314 748 calcor

128 791 176 853 uit
197 812 260 856 csse
283 791 412 856 virtutis
437 840 444 855 .
469 840 477 855 .
503 841 510 855 .

217 905 250 962 et
273 903 356 978 4,1:
383 947 444 963 ...
473 899 561 964 uuili
585 947 617 965 ..
648 897 788 980 adfectui
813 898 905 979 peior
932 901 976 962 est
1005 895 1240 977 nudiusquarta
1264 897 1310 962 iu

123 1005 325 1086 prioribus
349 1005 468 1071 libris
491 1007 763 1088 descripsimus
786 1025 937 1086 osperuru
960 1009 989 1068 et
1010 1025 1114 1070 ocrem
1139 1051 1145 1067 .
1174 1055 1180 1069 .

218 1111 423 1177 manifestum
452 1119 503 1176 est
530 1113 580 1177 his
604 1114 706 1177 tribus
730 1112 809 1177 locis
833 1112 962 1177 tertium
987 1111 1102 1176 librum
1128 1110 1171 1174 ad
1193 1110 1301 1190 plures

130 1218 358 1284 antecedentes
388 1219 508 1284 diserte
540 1220 713 1301 respicere.
765 1226 800 1284 at
834 1237 1005 1300 persaepe,
1035 1217 1089 1283 nbi
1117 1217 1203 1282 idem
1234 1217 1304 1282 iure

129 1331 184 1389 tuo
215 1331 424 1407 expectares
460 1345 521 1391 non
558 1326 699 1408 respicit.
759 1332 897 1407 apparet
930 1325 1031 1407 igitur
1061 1342 1133 1388 eum
1163 1322 1219 1404 qui
1245 1325 1308 1390 hos

128 1430 228 1496 libros
256 1433 435 1515 redigebat,
464 1434 606 1515 quisquis
633 1434 705 1514 fuit,
740 1439 860 1499 certum
895 1431 1060 1497 consilium
1085 1435 1232 1497 secutum
1256 1431 1310 1498 bis

129 1542 253 1604 tantum
284 1539 363 1605 locis
395 1541 427 1606 in
458 1541 574 1607 initio
604 1541 679 1606 libri
715 1541 804 1606 tertii
835 1539 949 1620 positis
977 1539 1078 1611 ‚talem
1110 1537 1308 1605 mentionem

130 1645 222 1725 quasi
236 1645 366 1712 fibulam
383 1647 516 1730 infigere
533 1649 753 1728 valuissesne
768 1648 963 1731 (quiunquam
986 1644 1163 1728 levissime)
1187 1646 1308 1712 librum

130 1753 261 1818 tertium
286 1763 355 1819 cum
380 1756 599 1835 superioribus
623 1759 838 1820 connecteret.

219 1879 301 1952 qnae
329 1880 382 1926 res
410 1880 471 1942 quo
495 1862 599 1944 magis
626 1862 797 1943 perspicua
826 1860 893 1941 fiat,
918 1879 980 1940 age
1003 1859 1147 1925 breviter
1170 1859 1235 1924 iam
1259 1859 1310 1925 in-

131 1965 273 2032 dicemus
302 1969 431 2048 quinam
455 1969 545 2035 tertii
568 1969 642 2035 libri
665 1969 728 2034 loci
751 1969 920 2050 graviores
945 1986 1014 2032 curn
1039 1967 1311 2032 antecedentibus

131 2073 263 2154 paribus
286 2075 339 2142 vel
363 2076 520 2143 similibus
543 2074 885 2163 maximejgconcinaut.

175 2181 242 2245 III.
357 2184 404 2247 ΙΙ.
563 2185 588 2250 Ι.

134 2294 196 2368 1,5
322 2296 407 2371 36,6
773 2292 812 2355 de
837 2291 868 2356 vi
893 2288 1064 2370 repentina
1086 2287 1164 2353 irae.

132 2399 195 2474 3‚1
324 2403 408 2479 13‚1
458 2406 662 2482 9,1;-1t‚2
773 2404 885 2462 contra
901 2397 921 2461 i.
946 2395 1141 2474 defensores,
1166 2393 1309 2460 maxime

819 2503 1039 2569 Aristotelem.

133 2611 196 2687 3,3
321 2615 404 2692 aab
534 2622 598 2694 5‚2
773 2610 956 2675 carissimos
981 2610 1002 2675 i.
1028 2607 1144 2690 perdit.

133 2718 196 2790 3‚6
533 2729 562 2803 2,
580 2728 663 2787 1-3
773 2717 905 2783 effectus
929 2722 963 2782 et
986 2720 1172 2796 apparatus

132 2826 263 2900 4,1-3
322 2829 475 2903 35,3-c
535 2836 563 2910 1,
578 2834 662 2894 3—6
718 2839 721 2924 l
774 2823 1007 2905 descriptiones
1030 2823 1109 2887 irae.

26 3000 31 3009 .
132 2933 196 3008 4,5
322 2937 406 3010 16,3
774 2930 934 3011 simplices
958 2928 1106 2994 iracundi
1130 2930 1215 2992 sunt.

134 3038 197 3114 5‚·2
323 3045 406 3119 18,1
774 3038 965 3118 partitiones
989 3033 1181 3118 argumenti.

133 3146 195 3219 5>ss
322 3149 406 3224 31,6
532 3154 596 3227 5,2
774 3147 794 3212 i.
808 3153 921 3211 contre
933 3143 1068 3210 hominis
1082 3147 1230 3208 naturam
1249 3147 1312 3207 est.

134 3254 163 3328 5,
179 3254 197 3312 θ
323 3256 374 3332 34,
392 3259 407 3316 1
775 3251 1015 3333 neopotentiori
1030 3269 1088 3316 nec
1106 3249 1314 3315 imbecilliori

21 3342 24 3350 ’
818 3361 1031 3426 irascendum.

133 3465 163 3542 ⁶2
184 3468 197 3526 l
518 3476 558 3534 20
774 3468 795 3532 i.
813 3487 874 3532 non
892 3467 981 3532 cadit
1003 3467 1035 3531 in
1060 3463 1312 3547 magnanimum.

135 3572 198 3649 7²2
324 3578 364 3636 19
774 3575 796 3640 i.
814 3576 967 3654 pendete
988 3573 1131 3638 mixtura
1155 3572 1313 3637 element-

820 3701 908 3747 orum
941 3679 996 3765 (de
1029 3677 1312 3761 temperamento).

133 3787 197 3863 8³3
775 3788 863 3853 feras
897 3807 1021 3868 quoque
1058 3788 1194 3851 humano
1236 3803 1313 3849 con·

819 3896 907 3962 victu
931 3912 1168 3959 mansuescere.

134 4002 198 4077 9‚2
347 4006 411 4082 2,4
774 4003 870 4068 lituos
894 4009 926 4067 et
952 4002 1046 4066 tubas
1071 4000 1313 4065 concitamenta

819 4129 839 4174 r.
864 4127 945 4174 esse.

134 4212 346 4225 ξ,-

133 4249 242 4304 tertium
260 4251 354 4309 librum
375 4253 437 4308 olim
456 4270 515 4308 cunr
534 4269 564 4308 eo
583 4255 629 4320 qui
647 4270 707 4309 eum
725 4270 794 4308 nnnc
812 4252 954 4316 antecedit,
968 4267 1021 4307 non
1034 4251 1203 4305 coniunctum
1214 4248 1309 4304 fuisse:

133 4346 219 4402 omnia
238 4345 321 4411 plana
339 4345 414 4401 fiunt.
