2820 4764
678 216 799 306 as—

112 421 270 502 perditum
296 430 329 486 et
353 422 413 486 hoc
436 421 520 501 quod
544 426 689 488 tenemus
713 421 937 488 intercesserit
959 439 1092 486 necesse
1114 427 1165 487 est
1189 428 1285 502 atque

110 529 303 593 Plutarchus
328 547 365 592 eo
388 527 471 593 libro
495 547 587 608 quem
611 529 743 610 scripsit
766 526 837 610 aopi
854 526 1024 613 ἀοργησὶας
1040 547 1128 593 mera
1145 530 1186 594 ad
1202 529 1283 596 iram

110 635 318 700 cohibendam
353 641 532 717 praecepta
566 636 730 716 complura
765 636 823 700 dat
856 635 896 707 de
933 641 1051 701 natura
1089 642 1123 700 et
1160 637 1283 720 origiue

110 741 226 806 aliisve
271 743 513 821 quaestionibus
557 743 744 808 theoreticis
784 743 863 809 nihil
901 742 1083 808 accuratius
1111 744 1284 825 disserens,

110 847 279 914 admodum
312 843 478 929 probabile
515 857 564 915 est
596 850 715 915 talibus
749 849 1020 930 disputationibus
1049 869 1119 914 eum
1149 851 1284 918 alterum

111 953 262 1034 scriptum
299 955 369 1036 περὶ
397 938 491 1040 ὀργῆς
528 956 580 1022 vel
614 961 714 1022 totum
737 957 792 1023 vel
816 975 873 1037 per
896 960 1008 1037 partes
1031 957 1217 1036 replevisse.
1244 995 1283 1004 —-

113 1061 175 1125 iam
209 1080 286 1125 vero
314 1061 423 1141 quidni
454 1063 591 1145 cogitari
616 1063 717 1143 possit
741 1064 913 1129 Annaeum
936 1082 1059 1144 quoque
1083 1051 1166 1129 idem
1191 1084 1285 1148 arqu-

112 1174 251 1232 mentum
286 1167 327 1232 de
358 1167 407 1233 ira
439 1169 488 1234 bis
516 1175 612 1251 atque
636 1170 773 1235 diversis
797 1170 924 1251 quidem
948 1169 1050 1236 modis
1079 1171 1285 1253 tractavisse,

113 1274 216 1340 altero
244 1273 364 1340 fusiore
393 1282 489 1358 atque
517 1277 682 1366 ampliore,
711 1277 759 1342 ita
787 1284 823 1342 ut
851 1276 1054 1346 exordiretur
1077 1279 1117 1341 ab
1141 1278 1182 1343 iis
1205 1297 1287 1359 quae

113 1398 133 1444 a
161 1380 279 1447 Stoicis
306 1387 539 1463 quaererentur
562 1384 603 1449 de
625 1383 676 1449 ira
699 1388 796 1464 atque
819 1385 1043 1464 proferrentur
1066 1385 1196 1464 placita,
1222 1392 1287 1452 tum

22 1527 24 1530 >
112 1487 154 1552 ad
188 1489 330 1554 remedia
365 1492 433 1555 eius
470 1491 655 1570 accederet3
700 1491 804 1556 altero
837 1490 996 1572 breviore,
1030 1497 1066 1554 ut
1098 1491 1203 1556 missis
1237 1492 1288 1557 bis
1389 1575 1390 1578 Ἴ

112 1596 352 1673 quaestiouibus
376 1598 414 1662 in
436 1598 688 1663 demutationem
712 1598 838 1683 inpendi
861 1598 1002 1664 inventis
1027 1600 1069 1663 ad
1092 1616 1182 1663 usum
1202 1598 1289 1665 vitae

113 1701 219 1766 omnia
242 1703 388 1769 referens
412 1704 446 1769 id
469 1722 563 1770 unum
586 1703 688 1786 facere
710 1709 884 1790 temptaret,
910 1704 996 1768 irum
1016 1705 1153 1771 madere
1169 1704 1291 1771 obieris

115 1811 175 1873 out
195 1814 276 1876 certe
297 1810 464 1893 refrenare
486 1815 517 1875 et
538 1811 673 1890 impetos
695 1811 764 1876 cias
787 1809 985 1896 inhibeam

204 1937 301 2014 atque
329 1936 427 2001 etiam
456 1937 583 2017 longius
611 1934 752 2001 fortasse
779 1936 933 2018 progredi
962 1936 1052 2002 nobis
1075 1936 1162 2002 licet.
1210 1956 1291 2017 qnae

116 2033 221 2104 adhuc
253 2041 293 2106 de
326 2043 376 2106 bis
407 2043 499 2108 libris
530 2043 775 2123 disputavimus,
806 2062 933 2124 semper
962 2043 1010 2109 sic
1041 2043 1174 2125 egimus,
1199 2043 1292 2124 quasi

117 2146 254 2227 positum
286 2167 326 2213 ac
356 2168 551 2220 concessum,
571 2149 614 2214 sit
643 2149 770 2214 nonnisi
798 2151 845 2213 ad
872 2150 1078 2231 legendum
1109 2169 1164 2215 eos
1192 2150 1292 2216 fuisse

119 2255 311 2320 destinatos:
346 2253 444 2334 quid?
480 2257 509 2320 si
533 2253 689 2323 Senecam
712 2274 732 2320 a
755 2257 859 2336 prima
883 2256 1006 2337 origine
1027 2275 1064 2322 eo
1088 2256 1221 2321 consilio
1237 2276 1292 2322 eos

117 2362 331 2441 composuisse
355 2362 506 2428 sumimus
529 2371 566 2428 ut
589 2382 712 2431 coram
744 2363 991 2428 auditoribus
1018 2361 1292 2443 recitaret?**)

118 2467 235 2533 scimus
247 2488 366 2535 morem
380 2470 540 2536 recitandi
550 2476 627 2536 tunc
643 2471 796 2551 temporis
808 2489 900 2552 quam
914 2470 1051 2536 maxime
1066 2468 1292 2554 viguisse‚***)

120 2575 180 2656 cni,
216 2577 243 2640 si
278 2595 477 2661 quemquam,
512 2577 670 2644 Senecam
705 2578 915 2643 inservivisse
950 2583 1039 2643 certo
1074 2579 1194 2643 certius
1232 2586 1292 2645 est.

119 2701 179 2762 qno
218 2684 311 2748 modo
346 2684 374 2748 si
408 2685 501 2749 huius
536 2685 642 2765 operis
677 2684 895 2749 condicionem
932 2684 1162 2766 considerabis,
1197 2685 1294 2766 longe

120 2787 257 2868 plurima
287 2809 369 2869 quac
396 2791 564 2870 hucusque
592 2795 628 2855 ut
655 2790 748 2855 nimis
779 2791 853 2855 laxe
882 2791 1014 2870 luseque
1043 2792 1208 2871 disputata
1236 2811 1294 2855 nos

121 2893 323 2959 offenderunt
350 2897 643 2977 perturbaruntque
673 2896 930 2976 dissipabuntur:
969 2897 1148 2962 rationibus
1172 2898 1296 2962 scilicet

120 3001 291 3066 rhetoricis
326 3003 548 3085 expedientur.
606 3003 813 3069 recitatorem
850 3000 933 3068 euim
969 3022 1031 3069 non
1066 3010 1132 3069 tam
1171 3006 1295 3069 severis

210 3210 236 3281 *l
256 3224 326 3270 certe
346 3216 426 3271 simul
442 3233 497 3272 una
516 3217 659 3272 difficultas
678 3217 716 3272 sic
740 3217 909 3284 expedietur:
949 3216 1056 3283 quinam
1080 3217 1182 3278 facturn
1206 3219 1242 3274 sit
1266 3226 1296 3272 ut

120 3302 169 3356 bos
188 3310 242 3357 tres
261 3304 341 3360 libros
364 3306 397 3360 de
420 3307 460 3360 ira
483 3307 517 3362 iis
536 3308 641 3375 scriptis
661 3308 779 3363 Senecae
797 3306 952 3371 minoribus,
972 3306 1068 3374 quibus
1088 3307 1184 3367 codicis
1204 3307 1296 3379 optimi

121 3391 282 3447 auctoritate
301 3392 413 3463 dioloqoa
430 3411 526 3449 nomen
544 3396 712 3463 imponimus,
731 3396 847 3450 insertos
867 3395 996 3462 legamus,
1017 3411 1075 3449 oum
1090 3411 1170 3463 opera
1187 3397 1295 3461 maiora,

123 3480 157 3534 de
175 3480 317 3537 clementia
335 3484 368 3537 de
386 3484 529 3549 beneficiis,
548 3484 694 3556 separatim
712 3483 863 3537 tradantur.
900 3482 998 3550 dlalopa'
1016 3499 1107 3543 omnes
1126 3485 1238 3553 singulis
1250 3485 1298 3545 lib·

121 3570 158 3624 ris
177 3572 354 3638 courtincntur,
375 3575 493 3642 exceptis
513 3574 576 3628 solis
594 3573 636 3629 his
654 3573 739 3631 tribus
758 3573 791 3631 de
809 3573 849 3626 ire
867 3571 948 3627 libris.
985 3572 1068 3640 quiet
1098 3574 1120 3629 si
1145 3575 1195 3630 tibi
1217 3575 1297 3643 fingis

121 3676 174 3728 quo
199 3660 257 3714 loco
280 3679 349 3723 nunc
373 3670 429 3718 tres
459 3663 539 3718 libros
561 3663 699 3728 habemus,
728 3661 806 3718 ibia
833 3661 919 3730 prima
947 3662 1049 3731 origine
1076 3680 1157 3719 unum
1184 3671 1297 3731 tautum,

122 3750 238 3805 libellum
257 3768 297 3807 ex.
316 3767 357 3820 gr.
376 3751 407 3806 de
430 3752 474 3805 iro
491 3752 643 3818 accidendo,
660 3753 783 3808 nimirum
802 3752 912 3807 tertium
936 3751 1032 3808 librum
1055 3759 1175 3817 nostrum
1200 3754 1298 3815 fuisse:

122 3849 215 3908 postea
239 3858 302 3896 vero
327 3843 441 3899 alterum
466 3843 531 3898 illud
557 3843 671 3912 amplius
696 3859 761 3912 opus
786 3847 813 3897 et
837 3841 1017 3919 dogmaticum
1041 3849 1070 3898 et
1086 3843 1297 3912 paraeneticum,

123 3931 193 3995 quod
217 3947 251 3986 ex
274 3931 394 4000 pluribus
421 3932 497 3988 libris
525 3931 671 4026 constabat,
699 3941 810 4000 propter
838 3932 988 4002 argumenti
1015 3932 1212 3996 similitudinem
1230 3948 1297 3995 oum

123 4022 279 4087 μονοβιβλῳ
292 4020 461 4081 coniunctum
475 4027 556 4089 atque
569 4039 594 4078 er
586 4021 759 4090 praefixum
765 4021 872 4089 quidem
886 4020 964 4077 assei
981 4021 1015 4078 cf.
1025 4038 1093 4089 quae
1102 4022 1130 4085 ip
1139 4022 1191 4079 fine
1202 4021 1298 4084 addidi.

197 4104 241 4176 **)
259 4109 308 4166 hoc
326 4128 413 4181 nuper
430 4113 495 4168 mihi
515 4113 699 4184 suppeditavit
716 4111 908 4180 Kiessling.

179 4193 239 4264 ***)
252 4198 287 4255 of.
309 4200 563 4266 Friedlaender,
588 4201 796 4271 Jlerstellungeu
823 4218 871 4261 aus
889 4203 937 4257 der
953 4201 1195 4270 Sittvugtsvhithtb
1215 4202 1299 4265 Rom

124 4287 168 4340 ΙΙΙ
187 4303 214 4356 p.
233 4292 286 4343 317
304 4305 360 4357 sqq.
