2820 4764
586 344 795 355 --·---—-—

103 485 209 548 posse,
238 468 367 533 tertium
396 468 499 535 locum
528 476 627 552 aegre
655 467 773 559 posse?
790 448 887 559 quid,
916 471 945 536 si
973 471 1001 554 Ι,
1034 479 1063 554 5,
1089 479 1108 536 2
1134 471 1281 553 alteram,

104 573 172 657 ΙΙΙ,
199 581 261 656 5,6
288 575 429 655 alteram
442 577 637 652 haberemus
661 575 902 644 recensionem?

173 717 289 779 ,porro
315 701 354 766 de
377 701 543 770 effectibus
567 701 756 783 perniciosis
779 703 863 770 inne:

149 823 178 904 Ι,
208 830 238 906 2,
264 833 298 890 2:
329 826 454 908 adspice
476 827 640 893 nobilissi-

105 949 234 996 noannn
245 932 410 998 civitatum
420 932 645 1016 fundamenta*

56 1066 59 1070 ·
105 1037 161 1117 oia
182 1039 358 1105 notabilia:
393 1040 460 1107 lias
484 1042 538 1106 ira
558 1041 637 1106 deie-

105 1145 155 1209 cit.
208 1146 332 1228 adspice
362 1147 551 1214 solitudines
578 1170 638 1231 per

107 1251 208 1316 nndta
241 1253 334 1318 anilia
362 1256 434 1320 sine
462 1255 639 1321 habitatore

107 1359 257 1425 desertas:
290 1361 360 1427 'lias
393 1363 447 1428 ina
481 1363 637 1428 eahansit.

97 1465 230 1547 adspice
250 1470 295 1532 tot
312 1471 481 1535 memoriae
494 1471 641 1553 proditos

97 1573 198 1639 'disces
221 1623 229 1638 .
255 1625 262 1640 .
287 1622 295 1639 .
321 1593 346 1640 ..·
382 1577 504 1642 alinea
528 1578 581 1643 ina
602 1578 640 1644 in

792 829 858 909 ΙΙΙ,
885 835 914 910 5,
940 834 974 893 6:
998 827 1085 894 nihil
1107 831 1151 893 est
1169 826 1282 892 sinal-

747 934 865 1000 tatitns
884 934 1033 1020 pravius:
1057 934 1125 1000 aas
1140 935 1193 999 ina
1207 953 1284 999 con·
1327 1017 1328 1021 Ἰ

746 1041 846 1108 ciliat.
905 1041 993 1109 nilcil
1020 1047 1066 1108 est
1089 1040 1165 1106 lello
1186 1039 1284 1123 fane·

747 1149 842 1215 stipes:
878 1149 921 1215 in
944 1149 1010 1214 loc
1027 1149 1207 1231 potentiani
1229 1146 1285 1210 ira

743 1258 931 1340 pronionpit
953 1305 961 1322 .
987 1305 995 1321 .
1021 1305 1062 1323 ..

106 1681 204 1748 esibili
237 1704 294 1748 sno
329 1683 483 1767 confodit,
519 1686 640 1751 aliosne
730 1710 761 1733 ν

107 1790 199 1854 intra
226 1787 355 1856 sacra.
380 1837 388 1854 .
413 1839 421 1854 .
447 1796 640 1877 ‚persensit

107 1895 229 1961 aliani
255 1946 262 1962 .
288 1944 296 1961 .
322 1946 329 1962 .
356 1947 375 1981 .,
400 1898 521 1964 alian
545 1950 552 1967 .

106 2002 230 2068 aliosne
254 2052 262 2069 .
286 2052 295 2069 .
320 2052 328 2069 .
354 2053 362 2070 .

198 2165 237 2174 -
263 2129 344 2195 hacc
367 2149 426 2212 per
449 2151 484 2198 se
507 2133 633 2200 leviora
656 2134 818 2209 videntur.

319 2255 429 2317 porro:

197 2342 244 2422 ΙΙ,
271 2349 323 2423 30,
351 2352 381 2411 1;
416 2368 644 2429 ...paen

20 2521 22 2525 ¹
109 2450 175 2530 est:
204 2449 328 2514 aetati
355 2451 528 2520 donetnr.
574 2474 644 2520 nes·

108 2554 151 2618 ait
172 2574 218 2620 an
234 2560 346 2638 peccet.
371 2562 467 2640 pater
485 2563 548 2624 est:

109 2660 252 2726 ncnlieo·
275 2668 345 2728 est:
384 2670 480 2731 arat.
539 2670 645 2733 inseiis

107 2770 166 2832 est:
200 2770 376 2836 necessitati
397 2773 469 2855 qais
491 2775 558 2839 nisi
578 2774 644 2841 ini·

109 2895 193 2957 paics
229 2878 403 2945 succenset?
452 2880 555 2948 laesas
591 2885 644 2947 est.

111 2984 341 3050 ....inden
374 2991 419 3052 est
452 3009 646 3054 ...neoc

107 3092 154 3154 est
177 3138 184 3154 .
211 3138 218 3154 .
244 3140 251 3155 .
278 3140 284 3156 .
309 3097 434 3158 petilian
457 3095 648 3161 anincal‘est

111 3198 646 3268 ....densest....lonns

15 3371 18 3375 ,
109 3304 162 3368 air
194 3308 240 3369 est
272 3306 329 3388 qni
362 3307 525 3374 ininnian
557 3308 645 3393 fecit:

111 3411 181 3477 noli
215 3413 348 3479 credero.
411 3416 537 3483 nealces:
576 3416 646 3484 noli

111 3524 230 3590 mirari
254 3573 262 3590 .
288 3572 295 3588 .
320 3572 361 3589 ..

798 2558 864 2639 III,
879 2565 931 2640 24,
951 2563 985 2622 3:
998 2575 1164 2639 paccione
1184 2556 1292 2619 aetas

705 2650 708 2655 ¹
752 2668 917 2747 eacnset,
960 2661 1149 2746 feminam
1186 2681 1291 2741 scacos,

743 2776 941 2839 'entranenan
973 2770 1112 2852 libertas,
1146 2766 1292 2832 donnesti·

752 2901 823 2946 ann
849 2877 1072 2963 familiaritas.
1114 2895 1204 2941 nnete
1218 2874 1291 2956 pni-

752 3008 842 3052 nanne
906 2984 1042 3068 offendit
1055 3004 1065 3048 .·
1125 2981 1293 3066 copitenens

753 3114 851 3177 anan
880 3093 938 3158 din
969 3089 1140 3174 plaoncnit.
1201 3104 1293 3167 saepe

753 3206 782 3266 et
792 3201 877 3267 alias
888 3197 1036 3282 offendit:
1046 3195 1191 3278 fannus
1205 3193 1292 3275 qnod

754 3308 814 3374 dia
847 3304 1027 3372 tnlinnss
1071 3302 1195 3370 amians
1230 3303 1292 3365 est:
1332 3330 1335 3337 ·

752 3414 827 3497 fecit
848 3414 933 3498 qnod
962 3411 1079 3480 nolait.
1122 3407 1292 3475 inimicas:

696 3523 699 3609 l
753 3522 829 3606 fecit
844 3519 1055 3606 qnoddelnit.
1083 3512 1294 3600 prndentioan'

754 3630 929 3710 aedanus,
967 3626 1109 3694 stnltiori
1149 3622 1291 3690 remitta-

753 3757 826 3802 ncns
849 3784 858 3802 .
883 3786 890 3802 .
915 3783 924 3801 .
950 3785 957 3801 .

203 3882 366 3948 commodo
388 3881 526 3947 adiciam
550 3857 671 3948 similes
694 3880 862 3961 utriusque
884 3878 959 3945 lion·
979 3876 1077 3959 locos,
1093 3879 1130 3940 ut
1156 3858 1290 3940 eandem

111 3991 182 4057 fere
216 3991 387 4061 materiam
422 3989 576 4057 divensis.
595 3988 698 4056 modis
737 3988 771 4056 in
805 3992 942 4068 utroque
976 4003 1036 4065 pen
1063 3982 1158 4064 pluro
1181 3979 1293 4062 capita

113 4098 250 4165 nectari
272 4098 474 4181 intelleges.-

203 4244 243 4291 ex
275 4244 346 4307 cap.
380 4225 429 4307 ΙΙ,
460 4230 501 4288 28
526 4221 610 4304 quod
633 4226 735 4287 totum
758 4203 821 4287 huc
843 4218 924 4285 facit
946 4211 1051 4299 panca
1074 4219 1200 4282 tontum
1236 4232 1291 4280 ex·

112 4333 269 4399 scribam.-
