2820 4764
681 281 720 340 18

108 484 241 566 languet
264 490 298 549 et
321 486 416 565 plane
439 485 677 566 inopinantibus
701 489 793 554 nobis
821 489 1015 555 obtruditur:
1040 491 1094 570 qui
1118 493 1283 571 repetitio-

110 611 180 658 nem
205 593 303 657 talem
327 593 359 658 iu
384 611 445 658 uno
469 595 643 675 eodemque
667 614 764 676 opere
784 601 1001 661 recurrentem
1020 601 1195 679 concoquit,
1214 618 1284 664 curn

110 718 148 764 eo
180 718 242 764 non
275 699 339 764 iam
363 701 536 782 litigemus.
584 703 626 767 ad
650 701 861 775 Aristotelem
891 703 1093 768 refutandum
1126 704 1283 769 hominem

110 805 252 873 Stoicum
283 826 374 872 omne
409 809 546 873 studium
587 809 734 875 conferre
766 811 914 876 debuisse
948 829 1008 875 non
1039 812 1071 875 in
1102 811 1205 875 animo
1233 816 1285 875 est

111 932 245 996 negare:
292 933 352 995 ego
377 933 459 996 nego
482 915 636 981 Senecam
662 935 715 982 res
744 922 777 981 et
800 925 991 999 argumenta
1014 924 1080 981 tam
1105 917 1284 997 totiensque

109 1019 230 1085 iterata
254 1021 365 1085 dedita
389 1040 487 1101 opera
511 1029 544 1086 et
567 1023 692 1088 ratione
716 1024 886 1105 disponere
910 1024 1063 1104 potuisse.

198 1146 308 1192 omnes
330 1129 392 1193 hae
417 1128 606 1195 offensiones
631 1131 843 1210 resolventur,
869 1130 898 1196 si
922 1131 1008 1195 locos
1033 1132 1089 1194 hos
1106 1131 1180 1195 libri
1196 1132 1285 1195 tertii

110 1234 268 1315 singulari
292 1235 416 1301 cuidam
441 1237 511 1302 sive
534 1238 654 1319 scripto
678 1238 747 1304 sive
770 1238 949 1302 recensioni
978 1238 1118 1302 tribuere
1147 1239 1285 1302 animum

109 1339 262 1407 inducere
286 1343 418 1423 poteris.
465 1345 522 1409 sed
552 1343 649 1425 quid?
696 1364 800 1411 nonne
833 1365 918 1426 vero,
949 1345 1114 1426 quominus
1143 1345 1286 1409 libellum

110 1449 305 1529 peculiarem
323 1465 493 1532 supponas,
519 1457 632 1532 aperte
647 1453 777 1516 obstant
793 1452 894 1517 verba
918 1452 985 1537 III,
1010 1458 1088 1532 3,1:
1122 1454 1222 1534 utqui,
1246 1457 1289 1517 ut

110 1555 153 1621 iu
171 1556 377 1638 prioribus
401 1557 517 1623 tibris
540 1559 637 1640 ctiori,
661 1563 726 1624 stat
746 1559 932 1625 Aristoteles
960 1559 1104 1640 defcusor
1127 1561 1206 1641 iroe,

110 1680 173 1728 non
196 1663 300 1728 minus
324 1683 416 1744 quam
442 1665 558 1744 capitis
586 1666 784 1747 insequentis
818 1673 897 1747 4,1:
928 1667 1015 1732 uutti
1044 1670 1122 1731 certe
1150 1665 1289 1748 adfectui

108 1769 200 1851 peior
222 1774 267 1835 est
288 1769 389 1836 cottus
420 1792 526 1852 quoru
559 1773 602 1837 iu
632 1773 832 1855 prioribus
868 1773 982 1837 tibris
1016 1773 1288 1854 descripsimus

113 1895 261 1958 asperum
283 1880 313 1941 et
334 1897 440 1942 uorem
465 1926 525 1942 ...
547 1927 554 1942 .
579 1878 696 1959 quippe
720 1897 802 1958 quae
826 1879 1045 1944 demonstrent
1061 1880 1217 1944 Senecam
1240 1879 1288 1959 ip·

113 2001 182 2048 sum
212 1983 297 2047 buno
328 1984 457 2048 tertium
490 1984 632 2049 libellum
660 1984 819 2066 prioribus
843 1986 1001 2050 adnexum
1025 2004 1096 2050 esse
1125 1984 1288 2051 voluisse?

112 2089 193 2154 haec
215 2090 317 2156 verba
341 2097 443 2170 certe;
467 2109 528 2170 quo
551 2090 656 2173 magis
680 2091 793 2156 mirum
818 2096 877 2172 est,
904 2091 987 2172 quod
1015 2092 1190 2156 innumeris
1214 2092 1287 2155 aliis

111 2195 189 2261 locis
213 2196 267 2261 ubi
282 2215 335 2262 res
352 2197 448 2264 etiam
472 2198 576 2280 magis
600 2199 696 2264 talem
714 2198 849 2279 requirit
864 2198 1056 2264 mentionem
1074 2218 1143 2264 eam
1162 2199 1288 2279 nequio-

112 2321 206 2383 quam
230 2305 367 2383 quaeris.
415 2305 455 2370 de
479 2324 541 2385 qua
564 2325 600 2370 re
624 2305 711 2370 infra
734 2305 870 2386 amplius
894 2305 1062 2370 dicendum
1087 2307 1160 2371 erit.
1186 2341 1226 2351 -

202 2410 259 2474 sed
283 2429 344 2492 age
368 2410 432 2476 iam
456 2421 565 2483 cetera
588 2430 820 2492 persequamur
850 2430 931 2491 qnae
967 2412 1084 2475 similia
1114 2412 1166 2476 vel
1196 2412 1291 2490 paria

111 2515 145 2580 in
169 2516 218 2581 his
247 2518 339 2583 libris
370 2523 540 2583 occurrunt
574 2518 622 2583 ita
653 2524 690 2583 ut
725 2518 860 2599 plurium
894 2517 1113 2582 reoensionum
1146 2517 1290 2582 eiusdem

112 2625 160 2690 rei
184 2630 280 2706 atque
305 2623 485 2706 argumenti
509 2624 648 2705 speciem
673 2643 751 2705 prae
780 2643 815 2690 se
839 2624 956 2689 ferant.
1004 2624 1035 2689 in
1065 2624 1115 2688 his
1145 2624 1290 2690 omnibus

114 2732 193 2797 illud
217 2737 293 2813 puto
318 2731 515 2814 observabis,
533 2732 662 2797 tertium
678 2731 834 2812 imprimis
849 2731 964 2796 librum
981 2731 1074 2795 modo
1090 2750 1160 2795 oum
1178 2731 1289 2812 primo,

95 2847 97 2850 ’
116 2839 209 2904 modo
234 2858 303 2903 oum
327 2840 431 2904 altero
455 2840 651 2922 conspirare,
675 2859 737 2905 non
754 2839 802 2904 ita
818 2857 916 2920 saepe
933 2838 1067 2918 primum
1085 2857 1153 2902 cum
1171 2838 1290 2902 altero:

33 2992 37 3003 .
116 2945 198 3011 adeo
222 2952 258 3010 ut
280 2946 400 3011 nullam
424 2946 493 3012 fere
517 2947 699 3029 graviorem
724 2946 962 3029 cogitationem,
988 2945 1108 3010 nullum
1129 2943 1198 3009 fere
1216 2962 1291 3024 gra·

117 3053 188 3119 vius
205 3052 471 3135 argumentum*),
495 3055 523 3118 si
539 3054 744 3134 quaestiones
760 3053 834 3118 illas
852 3053 891 3116 de
908 3058 1025 3116 natura
1049 3056 1146 3131 atque
1167 3050 1292 3132 origine

115 3159 185 3224 irae
207 3159 392 3225 subtiliores
419 3159 514 3240 primi
539 3166 572 3225 et
595 3159 735 3225 ineuntis
759 3158 894 3225 alterius
917 3157 994 3223 libri
1014 3157 1152 3239 omittes,
1177 3157 1209 3221 in
1227 3157 1293 3236 pri·
1330 3146 1332 3207 l

116 3265 223 3332 oribus
247 3266 368 3331 dnobus
391 3265 550 3346 invenias
575 3266 650 3346 quin
674 3265 791 3332 tertius
814 3283 938 3345 quoque
967 3265 1050 3329 liber
1081 3269 1295 3345 persequatur
1331 3306 1332 3311 κ

119 3376 176 3438 aut
198 3378 286 3439 certe
309 3373 482 3455 significet.
1330 3327 1332 3437 b

161 3480 657 3565 11,ss,1:...soepeouum
710 3476 714 3566 Ι
811 3479 956 3561 III,13,
987 3484 1098 3557 7:.‚.
1126 3479 1301 3560 exquibus

29 3634 32 3638 -
117 3587 220 3652 sottus
238 3586 306 3670 fuit
329 3587 535 3653 dissiuuture
557 3608 655 3669 quoru
768 3583 827 3668 (sc.
860 3584 1099 3666 Praexaspis
1132 3589 1170 3650 61
1197 3581 1300 3649 Η11·-

119 3692 238 3760 ulcisci.
290 3694 558 3777 poteutioruru
593 3695 658 3759 iu·
768 3691 861 3773 pagi
884 3690 1072 3772 exemplis
1101 3709 1183 3770 quae
1212 3690 1300 3756 dein-

118 3797 250 3865 iuriuo
272 3799 403 3865 bituri
425 3800 548 3882 uoltu,
574 3821 659 3867 uou
770 3795 1302 3880 cepsnan·antur)disoereutruru-

116 3907 305 3990 putieuter
340 3910 490 3973 11111111
520 3905 660 3988 fereu-
769 3927 829 3988 que
852 3905 928 3986 ticet,
959 3907 1120 3985 qrtuuturu
1141 3901 1222 3966 inuti
1244 3902 1303 3969 bu·

124 4014 192 4079 due
221 4014 420 4080 suut....'
453 4014 509 4080 boc
541 4013 658 4080 bobeut
770 4013 839 4078 beot
884 4010 952 4092 iro,
1000 4009 1065 4074 ubi
1106 4008 1303 4075 bouriuuur

119 4121 293 4204 pessimum
316 4121 423 4186 uuirui
449 4140 569 4206 oropum
590 4119 657 4202 sor·
764 4116 1077 4202 proepotoutiuru
1117 4121 1304 4198 potestate

123 4232 206 4294 1111
236 4227 421 4294 iusoteutes:
456 4248 533 4310 quos
564 4226 658 4292 tuere·
770 4227 847 4290 toto
876 4223 1013 4306 utitur,
1049 4228 1208 4305 quuuturu
1242 4223 1304 4289 sibi

127 4338 210 4400 ruut
230 4339 259 4400 et
280 4336 417 4401 oderuut
440 4383 447 4399 .
467 4383 474 4399 .
493 4383 528 4400 ..
769 4333 927 4415 imperare
944 4330 1055 4414 possit,
1079 4330 1135 4396 ubi
1152 4379 1159 4395 .
1179 4379 1185 4395 .
1204 4378 1237 4394 ..

200 4474 391 4527 &auva
