2820 4764
681 260 722 320 39

111 467 201 531 locus
232 485 323 546 quem
348 465 444 532 affert
467 472 618 548 tanquam
650 468 785 533 similem
810 487 860 548 ep.
887 473 938 547 58,
953 471 995 531 24
1018 465 1080 529 huc
1103 463 1182 528 nibil
1205 462 1287 528 facit

114 592 216 654 neque
233 592 315 655 quae
346 574 402 638 illo
426 592 563 639 excursu
587 575 679 640 addit
701 575 907 656 persuadent.
965 571 1126 653 Madvig
1151 571 1285 650 denique

112 680 220 746 uuordo
249 681 379 762 repetitu
411 680 580 760 scripsisse
611 682 765 748 Senecam
797 686 890 762 putat
921 685 954 744 et
984 680 1016 743 iu
1047 678 1151 743 causis
1180 677 1285 741 latere

111 788 230 867 curuis,
257 794 355 868 atque
371 788 432 852 hoc
447 787 572 868 quidem
590 795 625 854 ut
640 789 717 854 mihi
734 789 863 854 videtur
879 787 997 868 optime
1014 790 1047 850 et
1066 785 1284 868 sagacissime,

115 893 194 958 licet
218 894 372 961 Gertzii
404 895 521 960 iudicio
555 896 690 961 otiosum
723 896 775 961 sit.
821 895 927 975 immo,
960 912 1089 973 quaero,
1123 892 1199 985 quid
1222 892 1294 956 illisw

112 1001 240 1067 aurosis
267 1002 481 1067 morborum
511 1002 659 1084 frigidius
686 1003 826 1085 otiosius
860 1002 935 1082 quid
959 1000 1009 1065 his
1032 1000 1142 1064 curuis
1165 999 1287 1064 morbos

113 1108 246 1188 gravius
271 1106 418 1173 acutius?
462 1109 586 1175 Seneca
610 1109 736 1189 quidem
760 1111 843 1173 hanc
866 1127 977 1174 vocem
1002 1108 1042 1171 ab
1066 1106 1207 1187 Epicuro
1232 1106 1286 1170 de-

112 1219 292 1294 promptam
337 1234 406 1280 cum
446 1216 485 1280 de
517 1216 705 1281 infirmitate
738 1216 866 1298 generis
899 1215 1029 1280 humani
1061 1214 1222 1278 declamat
1253 1212 1286 1277 io

114 1318 238 1385 deliciis
267 1321 376 1386 habet.
402 1358 443 1366 —
468 1341 529 1386 non
558 1323 605 1387 ita
639 1323 769 1403 placent
793 1329 901 1388 cetera
926 1321 1140 1402 Madvigiana
1163 1320 1288 1384 morbo

114 1427 263 1509 repetiio3
301 1428 375 1508 quia
408 1429 535 1493 omniuo
568 1429 697 1494 morbus
727 1431 837 1512 repetii
868 1429 1003 1510 aliquem
1039 1428 1094 1492 vix
1127 1427 1289 1508 siguificat

113 1554 154 1596 m.
176 1555 204 1598 r.
224 1535 340 1599 iterum
361 1540 454 1617 atque
476 1537 601 1618 iterum,
627 1537 684 1601 sed
708 1542 833 1601 tautum
856 1537 973 1601 iterum
996 1535 1048 1599 vel
1073 1535 1177 1598 derruo
1194 1533 1286 1616 petit.

117 1640 261 1720 equidem
279 1641 380 1723 igitur
395 1642 519 1707 morbos
541 1642 696 1709 intactum
720 1642 901 1723 relinquere
925 1648 957 1706 et
980 1641 1126 1706 mendum
1150 1641 1183 1705 in
1207 1658 1287 1706 voce

115 1748 248 1829 repetito
272 1749 461 1813 subodorari
484 1749 602 1814 malim.
657 1749 806 1816 conferas
830 1768 948 1830 quaeso
972 1749 1003 1812 in
1028 1750 1088 1813 hoc
1112 1747 1181 1827 ipso
1204 1746 1287 1810 libro

113 1855 171 1919 sub
195 1854 287 1919 finem
313 1874 340 1921 c.
366 1862 419 1938 26,
436 1864 467 1922 7:

202 1982 261 2027 mos
283 1982 405 2043 quoque
426 1962 529 2046 felices
552 1963 684 2028 amimae
706 1968 737 2027 et
758 1968 918 2028 oeiermu
941 1963 1104 2027 sortitus
1128 2009 1134 2022 .
1161 2009 1167 2024 .
1195 1980 1219 2041 .,·

203 2086 299 2148 porro
324 2068 450 2133 deira
474 2070 521 2151 ΙΙ,
552 2075 604 2149 28,
618 2077 653 2135 4:
687 2074 722 2133 ot
751 2070 854 2134 morbi
887 2069 1069 2149 doloresque
1100 2068 1287 2132 incurrunt.
1354 2144 1363 2160 ⁹

114 2175 224 2255 utique
246 2174 357 2256 aliquo
384 2174 622 2260 warmundum
651 2180 696 2240 esi
722 2176 961 2240 domicilium
983 2180 1100 2257 putre
1125 2173 1286 2238 sortitis.

204 2279 268 2345 ibd.
294 2283 360 2364 ΙΙΙ,
389 2291 439 2364 15,
455 2289 487 2348 3:
509 2332 516 2348 .
536 2333 569 2348 ..
592 2285 769 2349 necessario
797 2284 859 2348 istu
885 2287 930 2348 esi
958 2282 1076 2347 doloris
1100 2281 1286 2365 refrenatio,

114 2388 224 2469 utique
247 2387 312 2454 hoc
334 2390 488 2454 sortitis
510 2391 614 2455 oiiue
633 2411 754 2476 percus
778 2440 786 2455 .
811 2439 819 2454 .
844 2438 852 2454 .
879 2439 886 2454 .

203 2514 258 2576 ep.
286 2502 429 2578 120,17:
462 2501 497 2562 ut
519 2518 577 2563 mos
607 2518 746 2580 corpus
768 2501 845 2561 ium
870 2500 989 2578 putre
1010 2494 1145 2560 sortiti
1167 2492 1288 2558 miiaiin·

114 2603 225 2668 rrimus
248 2607 378 2669 ueterum
396 2605 612 2686 proponimus
634 2655 642 2669 .
668 2653 676 2669 .

204 2744 246 2752 —
260 2727 321 2773 uon
335 2709 507 2793 dubitabis
526 2719 613 2794 puto,
627 2713 702 2792 quin
715 2716 826 2776 noster
841 2711 930 2776 locus
947 2710 994 2775 sic
1009 2707 1215 2789 retingendus
1232 2705 1287 2770 sit:

201 2817 296 2895 putre
311 2815 383 2896 ipso
397 2816 595 2899 fluidumque
611 2838 725 2900 corpus
740 2822 770 2881 ei
784 2817 897 2882 corui
904 2839 919 2881 s
942 2816 1088 2881 morbos
1110 2811 1289 2891 sortitu*)

114 2923 281 3002 sperasti.
307 2970 315 2986 .
342 2971 348 2986 .
374 2970 381 2985 .
407 2927 536 2988 ueurmu
557 2922 713 3009 postesse?

204 3028 329 3093 scilicet
345 3029 436 3094 labes
452 3030 526 3096 inde
543 3031 668 3096 initium
689 3031 775 3111 oepit
798 3031 881 3112 quod
904 3029 1027 3111 primae
1052 3029 1134 3093 duae
1157 3027 1288 3091 litterae

115 3135 204 3200 vocis
213 3137 327 3202 sortitu
339 3144 471 3218 propter
482 3138 723 3204 similitudinem
740 3137 999 3204 antecedentium
1017 3140 1186 3215 corruptae
1202 3139 1288 3199 sunt.

205 3242 295 3307 ibid.
333 3252 432 3325 12,3:
466 3245 535 3310 cod.
569 3246 603 3311 A
635 3248 716 3311 haec
747 3247 897 3327 praebet:
1072 3244 1198 3308 iuremis
1229 3241 1290 3306 cito

110 3348 266 3429 prudeus,
299 3349 358 3413 cito
376 3351 464 3430 pius,
498 3353 557 3416 cito
589 3353 737 3429 moritus,
769 3353 830 3418 cito
849 3356 953 3434 puter,
983 3351 1043 3416 cito
1066 3349 1170 3415 ommis
1193 3347 1290 3429 officii

116 3454 270 3538 curiosus,
295 3455 354 3520 cito
369 3458 522 3536 sacerdos,
547 3458 676 3522 ommim
700 3462 883 3539 tamquam
900 3455 1093 3540 propero?
1115 3455 1203 3521 uuili
1223 3454 1292 3536 fere

115 3565 144 3628 et
181 3582 301 3648 moqmu
340 3562 424 3628 domu
458 3568 487 3627 et
520 3564 682 3630 diuturno
715 3566 910 3650 routiupuut
943 3614 950 3628 .
977 3613 984 3629 .
1010 3613 1016 3628 .
1043 3613 1050 3628 .
1087 3565 1219 3627 Haase
1255 3566 1309 3625 et·

115 3669 280 3734 Fickert
301 3670 413 3751 legere
429 3669 489 3734 sibi
505 3671 700 3736 videbantur
710 3691 931 3754 praepropero
953 3677 987 3735 et
1009 3669 1041 3736 in
1066 3671 1128 3735 hac
1150 3669 1308 3738 lectione.

115 3776 373 3857 acquiescebant,
407 3782 595 3858 quamquam
630 3797 722 3844 omne
753 3760 839 3864 ἦθος
870 3779 934 3843 1οοί
967 3778 1061 3843 tollit.
1117 3781 1173 3842 aut
1204 3775 1287 3840 enirn
1374 3848 1381 3856 ,

116 3883 233 3950 nimiae
264 3882 482 3949 festinationis
521 3890 577 3950 aut
615 3884 844 3966 praecocitatis
881 3874 1041 3950 notionem
1080 3884 1180 3950 infert
1218 3900 1288 3948 ora·

205 4147 231 4218 *J
251 4153 446 4223 Kiessling‚
464 4154 527 4209 dum
544 4153 641 4209 sortita
657 4155 760 4224 probat,
778 4126 921 4210 restituere
937 4153 1052 4210 mavult:

325 4257 360 4295 cor
376 4241 467 4297 amu
482 4241 572 4299 morbo
588 4242 696 4311 sortito,

114 4327 231 4386 fortuma
248 4328 348 4387 uotiua
677 4340 683 4350 '
