2820 4764
196 1101 260 1209 De
282 1137 374 1204 libris
402 1155 480 1218 quos
508 1133 641 1216 scripsit
663 1133 790 1200 Seneca
812 1131 854 1198 de
876 1131 928 1196 ira
949 1129 1082 1211 Lipsius
1105 1128 1139 1194 in
1162 1127 1292 1210 praefa-

118 1247 207 1312 tione
230 1265 289 1312 sua
311 1247 393 1311 haec
416 1243 508 1309 dicit:
535 1243 612 1307 iibri
634 1241 671 1306 hi
691 1241 732 1306 in
747 1239 900 1324 portabare
915 1238 1050 1321 pulchri
1072 1242 1103 1302 et
1123 1237 1296 1302 animantes

116 1358 203 1437 scrut,
235 1354 275 1420 in
304 1357 366 1418 toto
390 1372 514 1435 parum
545 1349 688 1415 distimti
717 1351 747 1412 ct
773 1345 1015 1429 repetitiombns
1043 1349 1103 1410 aut
1124 1345 1295 1430 dipestimne

116 1461 253 1545 consum.
289 1479 369 1541 quas
392 1457 663 1524 inconcinnitates
678 1455 889 1536 repetitiones
911 1453 1172 1535 perturbationes
1194 1451 1294 1519 Sene-

68 1647 70 1655 ,
119 1587 177 1632 cae
205 1567 261 1631 ille
297 1567 475 1631 admirator
507 1562 762 1629 studiosissimus
789 1580 853 1626 non
881 1578 1059 1642 agnoscere
1086 1579 1149 1624 non
1179 1559 1294 1641 potuit,

118 1675 182 1739 hae
197 1679 274 1755 poto
289 1672 448 1738 neminem
472 1673 530 1737 hos
552 1671 653 1736 libros
676 1670 782 1736 obiter
804 1673 929 1734 tantum
952 1668 1174 1750 perlegentem
1197 1665 1295 1732 facile

120 1780 315 1862 effugerunt3
340 1780 397 1845 sed
413 1799 506 1845 nemo
527 1778 633 1843 adhuc
656 1778 752 1859 paulo
776 1776 959 1842 accuratius
981 1775 1015 1839 in
1038 1794 1095 1840 eas
1117 1774 1293 1856 inquisivit.

121 1887 205 1967 qaod
226 1885 318 1952 nobis
339 1885 450 1952 facere
469 1885 700 1967 proposuimus.
747 1888 844 1964 atque
859 1882 985 1948 initium
1002 1882 1165 1963 capiamus
1187 1901 1208 1946 a
1231 1881 1295 1948 dis·

118 1993 287 2074 crepantia
316 1993 500 2059 manifesta.
556 1992 745 2074 proponitur
779 1991 864 2056 euim
892 1990 1027 2056 alterius
1056 1989 1131 2055 libri
1161 1989 1296 2056 dimidia

80 2154 83 2160 .
119 2106 213 2181 parte
226 2100 377 2164 absoluta
386 2100 469 2163 haec
480 2097 708 2178 disputationis
720 2098 760 2161 de
772 2097 842 2161 irae
857 2096 1008 2161 remediis
1021 2096 1152 2175 partitio
1168 2098 1217 2179 ΙΙ,
1236 2106 1294 2164 18:

210 2205 366 2287 quoniam
393 2224 475 2287 quac
497 2205 537 2269 de
565 2204 619 2268 ira
648 2207 853 2286 quaeruntur
882 2204 1087 2268 tractavimus
1113 2205 1296 2271 accedamus

124 2313 167 2377 ud
190 2312 330 2376 remedia
352 2311 429 2377 circa
458 2312 522 2376 duo
545 2315 663 2392 autem,
679 2315 717 2376 ut
733 2311 858 2393 opium,
873 2314 967 2376 suut:
989 2331 1031 2375 ne
1052 2311 1235 2377 incidamus
1255 2312 1296 2378 iu

118 2418 213 2501 iram,
248 2422 277 2484 ct
298 2439 339 2484 ne
367 2419 407 2485 in
436 2419 491 2483 ira
514 2440 682 2502 peccemus.
733 2422 773 2482 ut
806 2419 846 2484 iu
874 2439 1042 2501 corporum
1064 2439 1144 2484 curu
1167 2419 1236 2484 aiia
1258 2420 1297 2486 de

118 2526 239 2591 tuenda
254 2525 449 2607 ualetudine,
473 2526 543 2591 aiio
558 2527 596 2592 de
609 2526 808 2592 restituenda
822 2530 990 2608 praecepta
1012 2530 1106 2591 suut:
1130 2527 1177 2591 ita
1199 2526 1295 2592 aliter

45 2660 50 2669 ·
114 2633 201 2697 iram
217 2633 360 2698 dedemus
374 2633 531 2716 repetiere,
555 2633 649 2698 aliter
663 2654 858 2716 compescere.
908 2636 1110 2714 arctamus,
1134 2635 1295 2716 quaedam

116 2740 159 2803 ad
183 2740 369 2806 uniuersam
395 2741 495 2805 uitam
512 2741 714 2824 pertinentia
735 2740 990 2823 praecipiantur:
1017 2761 1054 2806 ea
1076 2741 1116 2807 iu
1136 2742 1294 2807 educatio·

117 2866 192 2910 uem
219 2850 248 2910 ct
274 2846 498 2928 insequentia
520 2850 662 2929 tempora
684 2846 880 2911 dividentur.
935 2848 1080 2912 admutio
1116 2849 1293 2915 maximam

114 2952 321 3038 diiiqeutiam
344 2999 353 3016 .
378 3002 385 3017 .
412 3002 419 3017 .
995 2972 999 2980 ’

203 3057 314 3140 itaque
358 3059 598 3141 quaestionibus
631 3059 823 3138 dogmaticis
843 3060 896 3127 'de
927 3060 998 3127 irae·
1032 3067 1150 3129 natura
1182 3064 1292 3146 specie

117 3164 284 3232 effectibus
300 3165 426 3248 origine
442 3167 637 3233 necessitate
661 3169 715 3235 vel
738 3169 881 3235 utilitate
905 3169 1061 3236 absolutis
1077 3171 1204 3238 Seneca
1226 3172 1291 3238 iam

115 3272 158 3338 ad
186 3272 326 3338 alteram
350 3279 476 3355 partem
500 3274 729 3357 disputationis
752 3295 831 3342 suae
854 3277 975 3344 transit
997 3279 1089 3359 quasi
1112 3280 1291 3361 practicam

113 3379 168 3444 vel
183 3378 433 3460 paraeneticam,
457 3399 520 3461 qua
544 3382 584 3447 de
607 3382 758 3449 remediis
781 3382 851 3449 irae
879 3383 959 3467 agit.
1006 3392 1103 3467 atque
1134 3387 1290 3468 bipertito

117 3483 244 3564 quidem
268 3485 437 3550 materiam
463 3487 619 3568 disponit:
645 3488 789 3556 dicturus
814 3496 864 3558 est
887 3491 1022 3572 primum
1046 3495 1200 3576 quomodo
1223 3516 1292 3561 nou

113 3591 298 3657 incidamus
319 3593 359 3658 in
381 3592 483 3678 firam,
515 3599 583 3660 tum
613 3597 768 3679 quomodo
797 3619 866 3664 nou
894 3599 1010 3665 inira
1027 3622 1195 3686 pacamur,
1226 3604 1290 3684 vel,

114 3698 277 3764 utstatim
302 3699 375 3765 aliis
395 3700 504 3768 verbis
521 3703 716 3787 exsequitur,
741 3704 877 3785 primam
893 3707 1048 3789 quomodo
1074 3709 1161 3775 iram
1184 3709 1290 3777 debea-

113 3826 185 3872 mus
206 3807 361 3891 repellere,
387 3811 453 3874 tum
476 3810 631 3900 quomodo
654 3832 851 3897 compescere.

203 3913 317 3994 quibus
345 3932 408 3996 age
437 3915 639 3982 conferamus
668 3919 740 4001 111,
772 3925 807 4002 5,
837 3928 871 3987 2:
899 3921 1051 3987 sedeam
1072 3923 1219 4006 primum
1246 3926 1291 3991 cit

113 4039 182 4086 uon
205 4018 312 4105 irasci,
342 4024 516 4089 secundum
544 4026 731 4110 desinerc*),
760 4029 890 4094 tertium
916 4030 1042 4096 nimnce
1068 4052 1191 4114 aaronica
1220 4031 1289 4098 irae

111 4127 239 4209 raudai,
263 4129 367 4204 dacum
377 4131 535 4214 primum,
560 4135 825 4215 quaemadmodum
840 4136 879 4204 iu
894 4137 980 4203 iram
1003 4158 1072 4204 nou
1094 4138 1287 4223 incidamus,

201 4298 226 4366 *r
247 4303 409 4364 Gronovii
428 4309 639 4366 emendationem
657 4315 745 4368 teneo.
