2820 4764
602 262 814 352 Aa„

209 466 302 532 ibid.
321 469 380 549 Vl,
408 475 509 547 19,1:
534 489 639 554 cupas,
659 469 776 551 iuquit,
801 466 905 534 ullum
922 469 1000 533 dure
1016 467 1197 550 beneficium
1213 491 1299 552 utut,

120 574 177 656 pru
206 596 254 638 ute
277 575 422 658 peniculo
448 596 530 640 uooc
554 597 614 658 peu
634 577 755 657 duntone
778 571 956 661 †rudum
980 574 1075 641 tutat?
1098 597 1185 660 nepo.
1234 578 1299 642 uli·

119 681 198 763 quid
222 683 297 748 boui
319 681 406 764 fucit,
431 681 612 763 beneficium
637 703 705 747 uou
729 683 799 763 aot,-
821 681 902 764 fucu't
923 682 1010 747 euim
1032 702 1093 747 sua-
1115 702 1213 748 cuusu
1238 689 1302 748 cut

120 789 229 870 retiquae
260 809 330 853 uou
353 809 439 853 utcu:
467 790 509 853 ud
537 810 695 854 stimulum
723 810 764 854 uc
785 787 851 870 ipse
875 787 1002 871 quidcuu
1024 811 1055 854 se
1079 786 1160 853 milui
1182 790 1299 872 beuefi·

119 893 203 959 cium
219 895 342 960 dedicat
357 897 444 978 dure,
468 898 521 960 scd
537 900 596 960 eut
609 893 800 978 reipublicae
815 900 873 960 out
887 895 1024 961 ruciuiue
1043 900 1103 959 aaut
1124 893 1299 963 ambitioni

118 1023 195 1067 stoue
222 1008 334 1084 preest
357 1008 369 1067 t
393 1053 399 1067 .
426 1053 432 1068 .
460 1053 468 1068 .
495 1054 501 1068 .
536 1022 592 1084 pro
627 1005 744 1068 rcclcuu
775 1003 858 1083 quod
890 1003 994 1083 prima
1027 1021 1139 1067 manus
1173 1003 1295 1069 codicis

118 1109 297 1175 Nazariaui
322 1110 462 1191 exhibet,
487 1112 592 1174 altera
615 1110 728 1174 scribit
749 1111 881 1188 ceuceu,
911 1109 932 1174 i.
958 1130 986 1174 e.
1006 1111 1176 1193 pannum,
1208 1112 1295 1176 unde

119 1218 261 1282 editores
278 1219 374 1300 vulgo
391 1218 509 1282 lineola
526 1219 675 1299 neglecta
691 1218 819 1282 Pedum
842 1216 1026 1282 effecerunt.
1075 1224 1171 1298 atque
1195 1218 1294 1283 vehe-

117 1330 243 1390 menter
286 1325 454 1392 Gertzio
496 1325 672 1405 adstipulor
715 1326 799 1388 hauc
831 1324 1052 1406 mutationem,
1087 1324 1295 1404 quantumvis

119 1431 225 1496 lacilis
241 1433 294 1514 sit,
319 1431 527 1517 improbanti;
552 1431 751 1513 argumentis
772 1431 841 1494 cius
866 1450 926 1495 uon
952 1431 1141 1513 adstipulor.
1180 1449 1294 1521 ,neque

117 1537 201 1603 enim
229 1557 286 1604 cur
309 1558 373 1604 non
401 1539 469 1604 iure
498 1558 554 1603 suo
579 1538 703 1604 Seneca
726 1537 843 1602 deiude
867 1538 1077 1619 respoudeat:
1104 1536 1183 1619 fucit
1205 1538 1294 1603 cuim

115 1666 176 1712 suu
192 1666 288 1711 ceusu
304 1651 362 1726 out
376 1646 486 1728 utiquc
501 1667 569 1712 uou
593 1666 671 1728 meu,
696 1663 799 1725 neque
822 1664 879 1709 cur
901 1644 973 1709 ficri
996 1663 1058 1708 non
1082 1644 1187 1726 possit
1210 1644 1292 1726 quin

115 1753 154 1818 iu
181 1752 417 1819 interlocutores
443 1753 543 1818 uerbis
572 1752 680 1834 aliquo
708 1753 799 1817 ruodo
825 1750 1038 1836 su'puu'ricutuue
1066 1751 1172 1835 fucrit
1189 1752 1293 1835 porti·

115 1865 213 1925 torena
242 1860 298 1926 boc
326 1859 419 1946 culpo
447 1859 549 1943 fucere
572 1865 601 1924 ct
622 1859 668 1924 iic
691 1864 728 1923 ut
749 1857 893 1945 siupulos
916 1859 1058 1925 homiues
1081 1880 1151 1925 uou
1172 1862 1292 1942 spectet,

117 1966 198 2031 satis
232 1966 400 2047 perspicio.
457 1967 671 2032 coniecturam
703 1985 763 2030 non
796 1965 929 2046 profert.
964 2002 1006 2010 —
1035 1966 1181 2046 equidem
1215 1966 1290 2047 quid

118 2073 244 2138 omnino
272 2074 325 2139 bic
352 2073 467 2139 flumen
495 2074 574 2139 illud
604 2074 791 2154 cisalpinum
821 2073 882 2137 sibi
913 2073 994 2138 velit
1017 2091 1149 2155 prorsus
1174 2072 1290 2154 caligo.

117 2199 179 2245 non
197 2181 395 2263 refragarer,
419 2181 447 2245 si
464 2181 504 2245 de
521 2200 613 2246 amne
629 2182 763 2261 quodam
781 2181 901 2245 incluto
918 2185 974 2246 aut
991 2180 1089 2245 etiam
1107 2180 1146 2245 de
1168 2179 1292 2244 minore

118 2288 191 2370 alio,
209 2289 301 2354 modo
316 2289 345 2352 ei
363 2288 544 2370 philosophi
561 2289 767 2357 assedissent,
785 2307 889 2352 sermo
906 2294 1007 2353 esset:
1024 2293 1059 2352 at
1074 2285 1194 2351 mentio
1206 2284 1292 2350 Padi

115 2395 149 2460 in
173 2395 514 2476 exemplificationibus
536 2395 805 2478 pbilosophorum,
830 2395 913 2476 quod
937 2395 1046 2476 sciam,
1064 2392 1211 2458 inaudita
1228 2396 1290 2456 est.

116 2502 243 2568 accedit
257 2503 340 2583 quod
361 2521 423 2566 nou
440 2507 505 2566 tam
523 2501 625 2566 refert
640 2503 793 2581 quomodo
809 2501 935 2582 fiumen,
960 2518 1018 2582 per
1040 2500 1122 2580 qnod
1144 2497 1292 2580 gratuita

116 2627 199 2674 uavc
214 2609 322 2691 ferris,
340 2610 522 2691 appelletur
537 2628 631 2689 quam
648 2615 799 2689 quantum
817 2609 861 2672 sit
876 2608 1054 2689 benficium,
1079 2607 1161 2687 quur
1179 2607 1242 2670 hac
1257 2605 1290 2669 iu

116 2716 282 2782 occasione
306 2716 460 2797 accipias:
495 2715 582 2796 quod
611 2735 648 2780 eo
672 2715 773 2780 maius
808 2734 879 2780 esse
911 2722 998 2797 puto,
1033 2733 1093 2795 quo
1126 2711 1292 2778 difficilior

114 2823 176 2888 luit
198 2824 356 2888 transitus
378 2822 527 2888 fluminis.
573 2822 682 2903 itaque
706 2842 775 2887 mco
799 2823 925 2903 quidem
950 2821 1068 2886 iudicio
1085 2840 1146 2885 non
1174 2837 1290 2884 nomen

115 2931 288 3013 proprium,
313 2931 371 2996 sed
396 2930 590 3012 adjectivum
614 2929 646 2993 in
671 2949 749 2995 voce
766 2936 917 3011 corrupta
932 2929 1147 3010 quaerendum
1173 2931 1239 3007 est3
1257 2934 1291 2992 et

114 3038 190 3118 quid
213 3044 265 3103 est
287 3037 415 3103 lucilius
439 3056 530 3117 quam
556 3056 596 3101 ex
619 3038 737 3102 rodum
760 3037 811 3101 vel
832 3039 991 3119 percolunt
1014 3035 1196 3118 rapidum
1219 3034 1290 3099 elfi-

114 3164 203 3211 cere:
228 3165 333 3229 nequa,
357 3144 463 3225 inspuit
485 3144 589 3207 ullum
614 3144 690 3207 clarc
713 3143 890 3225 benificium
914 3165 995 3226 euuu
1012 3143 1068 3225 qui
1083 3164 1131 3207 ute
1143 3142 1292 3235 qratuitu

112 3272 195 3318 uoce
212 3273 272 3334 per
292 3252 412 3333 flocuteu
435 3249 618 3333 cupidum
643 3248 737 3316 tulit?

200 3697 294 3763 Libri
312 3702 378 3762 tres
400 3698 439 3762 de
462 3697 513 3761 ira
536 3716 598 3761 non
623 3696 713 3761 utin
738 3696 772 3761 A
795 3696 842 3762 sic
865 3696 897 3762 in
922 3695 1067 3760 omuibus
1092 3692 1210 3758 ceteris
1236 3712 1289 3758 eo-

110 3984 213 4050 rcddet,
231 3984 400 4052 respondebo:
418 3984 511 4038 ouum
525 3985 711 4039 concientiam
730 4028 736 4040 .
757 4027 762 4040 .
783 4027 789 4040 .
811 4024 815 4034 .
836 4001 868 4038 ex
881 3983 981 4038 verbis:
1000 3998 1061 4035 cuuu
1078 3980 1138 4044 cuit,
1158 3980 1289 4034 tundam

110 4077 150 4128 cot
170 4073 315 4129 effecerim:
344 4073 608 4142 quanticumque
631 4074 704 4127 erit
720 4073 774 4140 (vel
798 4071 927 4138 cuerit),
953 4069 1119 4124 tutandum
1142 4072 1197 4125 eat.
1235 4070 1290 4125 dis-

111 4163 208 4219 seritur
232 4162 393 4227 beneficium,
412 4178 462 4232 per
489 4179 517 4217 se
536 4179 595 4218 esse
613 4163 803 4232 expetendum,
829 4161 921 4228 quanti
940 4165 1002 4226 stet,
1027 4175 1079 4214 nou
1099 4159 1190 4225 quaeri
1210 4174 1290 4226 opor-

110 4260 181 4322 tcrc;
200 4269 284 4320 aeque
301 4252 346 4320 qui
365 4252 540 4317 salubritatis,
558 4253 647 4321 magni
667 4252 735 4316 boni,
755 4269 835 4306 causa
855 4251 946 4305 villam
966 4252 1045 4314 emat,
1065 4265 1117 4303 non
1136 4248 1287 4316 disputare,

110 4342 203 4411 quanti
224 4349 303 4398 emat.
