2820 4764
666 259 841 353 ,ιη

152 471 299 536 taediosa
327 469 491 552 acceptior
517 468 588 550 fiat,
617 468 740 549 primae
767 464 902 534 similior
929 479 1060 545 prorsus
1086 458 1326 542 inopinantibus

150 577 241 643 uobis
265 580 361 658 atque
384 576 496 643 invitis
520 573 722 642 obtruditur?

229 687 300 750 'boc
322 704 395 750 mea
418 684 544 765 quidem
561 682 724 750 sententia
746 679 947 764 gravissimis
971 675 1129 757 scrupulis
1159 672 1327 739 obnoxium

151 800 211 873 est,
236 792 318 857 adeo
341 797 378 857 ut
400 791 512 871 quaeri
534 790 646 872 possit,
670 790 778 855 sintne
800 788 833 854 hi
857 787 931 853 libri
955 785 1002 852 sio
1026 788 1062 850 ut
1085 801 1142 849 nos
1166 799 1222 847 eos
1246 797 1328 846 nuno

150 900 316 980 habemus
350 898 579 979 qualecumque
610 898 650 963 de
684 916 721 962 eo
753 895 903 962 iudicium
936 892 1019 976 fers,
1049 910 1070 957 a
1102 889 1228 990 Seneca
1257 886 1328 968 ipso

151 1004 285 1071 redacti.

240 1112 329 1178 cuius
361 1111 409 1178 rei
433 1112 618 1192 explanatio
642 1130 705 1176 non
728 1110 775 1177 ita
807 1114 930 1175 remota
958 1109 1097 1177 videtur.
1148 1128 1247 1190 supra
1280 1105 1328 1176 vi-

155 1219 306 1284 deramus
340 1219 380 1285 de
415 1219 527 1285 eodem
562 1223 768 1301 argumento,
793 1217 833 1284 de
861 1216 1011 1284 remediis
1040 1217 1109 1283 irae
1141 1217 1331 1300 scriptorem

92 1326 95 1331 ’
153 1326 293 1391 secundo
323 1327 405 1392 libro
432 1325 591 1413 ¹bipertita
618 1326 776 1394 divisione
803 1346 893 1396 usum
922 1346 1021 1412 agere
1050 1326 1112 1394 sibi
1139 1345 1336 1410 proponere,p

45 1508 49 1517 Ι
152 1432 249 1498 tertio
280 1433 362 1499 libro
393 1433 575 1517 tripertita3
604 1434 789 1502 videramus
822 1455 918 1518 porro
946 1436 979 1504 in
1014 1436 1106 1502 initio
1133 1435 1208 1502 libri
1238 1434 1333 1501 tertii:

153 1559 224 1606 eum
263 1540 345 1606 adeo
383 1560 446 1607 non
493 1561 532 1608 aa
554 1542 717 1624 respicere
741 1563 823 1624 quae
846 1543 879 1609 in
895 1543 1160 1610 antecedentibus
1175 1543 1239 1608 iam
1256 1561 1328 1608 cou-

153 1646 242 1713 fecta
261 1666 336 1738 esse
361 1648 529 1731 credebas,
553 1657 590 1715 ut
620 1650 722 1716 denuo
746 1651 787 1716 de
814 1652 956 1734 integro,
969 1651 1103 1732 primam
1132 1654 1257 1733 partem
1286 1685 1327 1694 -

150 1754 305 1837 quoraodo
328 1756 461 1821 omniuo
484 1777 554 1823 uon
576 1758 757 1824 irascamur
781 1795 822 1806 -
847 1758 978 1825 disertis
1001 1759 1110 1824 verbis
1133 1757 1328 1840 aggredere·

152 1867 205 1926 tur
227 1866 324 1942 atque
348 1869 609 1946 persequeretur3
634 1885 718 1931 nuno
741 1865 888 1934 videmus
910 1853 1057 1932 intortio
1080 1865 1163 1931 libro
1186 1862 1327 1945 descrip-

153 1967 271 2033 tionem
295 1968 364 2034 irae
387 1971 513 2059 qualem
542 1971 651 2038 statim
679 1972 713 2039 in
741 1973 872 2039 exordio
900 1972 976 2038 libri
1002 1972 1112 2054 primi,
1140 1977 1207 2038 tum
1234 1968 1329 2036 modo

151 2073 184 2141 in
221 2075 285 2141 fine
312 2078 447 2167 secundi
471 2079 525 2160 qui
562 2079 705 2161 proxime
735 2085 958 2147 antecesserat
990 2081 1183 2163 legeramus,
1217 2095 1329 2142 rursus

151 2188 283 2262 praeter
305 2202 428 2250 omnem
451 2187 723 2267 exspectationem
751 2192 848 2269 atque
885 2187 967 2254 adeo
995 2193 1032 2253 ιιι
1066 2185 1199 2269 gravius
1230 2183 1328 2249 offen·

152 2288 212 2355 das
239 2291 358 2386 repeti:
394 2311 475 2375 quae
515 2312 583 2359 oum
608 2293 656 2359 ita
682 2294 758 2378 sint,
787 2295 872 2377 quid,
906 2294 935 2359 si
967 2295 1075 2376 plures
1109 2310 1188 2374 quas
1218 2291 1329 2356 dicunt

152 2398 403 2465 recensiones
427 2400 597 2467 eorundem
622 2406 880 2484 argumentorum
903 2401 937 2467 in
963 2400 1015 2466 his
1041 2401 1145 2466 tribus
1171 2399 1263 2464 libris
1287 2397 1328 2463 de

152 2503 202 2569 ira
225 2503 398 2572 extarent?
421 2543 464 2595 7—

239 2611 289 2678 ad‘
308 2631 403 2693 quam
415 2613 596 2695 opinionem
608 2613 679 2682 sive
695 2613 963 2696 comprobandam
976 2613 1046 2680 sive
1062 2611 1326 2678 labefactandam

150 2717 298 2784 nimirum
319 2719 571 2802 investigatione
594 2722 691 2787 altius
712 2723 854 2803 repetita
871 2741 950 2804 opus
966 2726 1027 2787 est.
1063 2720 1144 2786 certi
1159 2718 1327 2801 quicquum

150 2825 290 2890 stabiliri
313 2827 424 2908 nequit
447 2827 510 2892 nisi
533 2829 644 2893 horum
671 2829 824 2904 librorum
847 2828 1058 2911 dispositione
1072 2826 1255 2894 accuratius
1272 2843 1326 2890 ex·

149 2932 303 3014 ammata,
328 2932 439 2999 ordine
459 2934 636 3016 praecipue
663 2941 761 3015 atque
793 2924 886 3001 nexu
911 2935 1145 3002 sententiarum
1169 2950 1325 3016 percenso

149 3045 184 3106 et
206 3039 381 3123 diligenter
404 3040 566 3123 congestis
590 3061 673 3123 quac
696 3042 817 3108 iterata
841 3041 1051 3109 inveniuntur
1073 3041 1274 3122 maximeque
1293 3037 1328 3104 iu

148 3146 231 3213 libro
255 3147 351 3214 tertio
374 3147 525 3215 similiter
546 3149 700 3230 atque'in
723 3149 796 3216 aliis
820 3149 942 3216 duobus
967 3154 1146 3216 occurrunt.

718 3323 755 3406 Ι.

166 3502 169 3509 »
237 3466 394 3549 Incipiam
418 3469 459 3532 ab
483 3468 612 3535 iteratis
636 3488 718 3552 quae
740 3469 854 3535 mmmm
877 3469 911 3535 in
934 3469 1060 3534 modum
1090 3467 1124 3533 in
1152 3467 1204 3535 bis
1233 3466 1326 3533 libris

147 3574 333 3655 frequentia
365 3594 437 3641 csse
473 3574 613 3642 editores
644 3583 678 3642 et
707 3576 903 3658 interpretes
937 3595 1002 3641 una
1041 3594 1118 3643 voce
1153 3572 1327 3641 affirmant.

146 3686 246 3763 atque
269 3682 402 3749 deirae
426 3682 696 3766 descriptionibus
720 3684 833 3765 tribus,
858 3682 1003 3766 exemplo
1026 3682 1157 3766 insigni,
1181 3682 1247 3748 iam
1262 3681 1328 3748 dic·

146 3796 214 3855 tum
238 3796 306 3872 est;
329 3789 501 3856 adnectam
523 3791 689 3858 luculenta
711 3791 883 3873 quaedam:
1018 3858 1021 3864 .

834 3898 902 3981 ΙΙΙ,
927 3904 981 3981 25,
1007 3905 1042 3965 3:
1071 3896 1159 3963 illud
1187 3917 1257 3963 non
1278 3917 1328 3961 ve·

789 4007 858 4072 niet
881 4007 919 4072 in
941 4006 1075 4071 dubium
1098 4004 1181 4087 quia
1207 4025 1239 4069 se
1261 4023 1328 4068 erre·

528 4168 530 4172 ,
728 4109 732 4198 l
791 4113 889 4178 merod
909 4113 1021 4179 turbae
1043 4117 1073 4177 et
1094 4111 1195 4177 ultius
1212 4109 1330 4176 steterit

190 4215 238 4301 II,
265 4223 318 4299 32,
344 4225 378 4285 3:
402 4207 600 4286 multilauda
627 4218 680 4286 iro·
765 4219 935 4303 ‚quisquis
969 4218 1107 4302 despexit
1140 4216 1325 4284 lacessentis.

143 4325 253 4392 iarios
289 4323 389 4392 abtas
425 4325 488 4392 sibi
519 4327 678 4411 damisma
783 4327 958 4411 proprium
977 4323 1326 4412 estmopnitudinis
