2820 4764
585 239 797 332 ...ἓ-7...

107 453 144 516 de
167 451 223 517 troc
250 449 330 516 sutis
357 448 476 514 dietam
498 452 551 514 est.
608 446 733 527 deiude
764 446 794 511 si
826 445 938 527 inique
970 445 1127 526 accepisse.
1175 447 1211 511 de
1234 446 1293 514 doc

110 558 280 624 diceudom
308 559 416 621 est..
442 603 449 617 .
476 603 484 618 .
515 553 562 619 sic
589 553 675 619 inter
703 552 853 618 iniuriam
882 558 916 618 et
946 552 1055 633 iniqua
1082 552 1115 617 in
1139 552 1179 618 iis
1207 572 1289 634 qnae

109 671 254 730 tenemus
283 681 437 743 nusquam
467 661 622 726 distinxit.
679 660 770 725 huius
798 658 991 725 discriminis
1013 659 1207 726 mentionem
1238 667 1289 727 est

109 773 192 853 quod
223 772 270 852 ΙΙ,
302 776 344 836 22
386 768 544 834 excidisse
577 766 726 849 conicias,
760 767 899 832 fortasse
932 767 1029 832 etiam
1061 772 1136 848 post
1159 769 1187 852 I,
1213 774 1242 851 2,
1257 775 1287 834 3.

109 879 196 944 haud
220 896 294 942 raro
318 876 421 940 oratio
444 876 519 939 laxe
542 880 665 939 tantum
698 875 859 940 cohaeret.
891 874 967 939 sciri
996 874 1115 954 nequit.

202 984 259 1049 sed
283 985 490 1048 vehementer
514 982 743 1047 commovearis
768 1000 901 1047 necesse
924 985 975 1046 est
997 1001 1067 1046 cum
1092 988 1189 1063 caput
1204 982 1289 1047 inse·

113 1109 210 1172 quens
232 1091 324 1171 legas
348 1090 431 1153 hunc
454 1089 487 1152 in
511 1088 636 1153 modum
660 1086 834 1168 incipiens:
863 1092 898 1152 ut
919 1088 1006 1153 emim
1030 1088 1083 1153 im
1111 1088 1203 1154 iubet
1229 1089 1290 1154 uii-

114 1219 211 1280 quum
233 1196 423 1279 voluptatem
447 1200 475 1260 et
498 1195 585 1260 dolce
608 1199 652 1259 est
680 1195 816 1260 dotorem
845 1181 985 1261 reddere.
1033 1195 1176 1261 mimime.
1222 1216 1292 1262 mom

113 1305 201 1370 emim
225 1354 232 1368 .
259 1352 266 1366 .
292 1351 299 1367 .
324 1322 427 1368 nonne
451 1302 513 1367 iam
538 1321 647 1367 rursus
672 1302 920 1382 disputationem
947 1303 1159 1368 theoreticam
1177 1303 1290 1368 audire

115 1413 176 1476 tibi
199 1408 346 1476 videris?
370 1410 415 1475 ita
440 1416 499 1474 est.
547 1416 659 1489 aperte
683 1415 716 1474 et
739 1408 772 1474 in
795 1410 845 1475 his
870 1410 957 1475 etin
990 1410 1036 1474 eis
1068 1428 1150 1490 quac
1183 1411 1293 1475 subse·

117 1525 254 1599 quuntur
278 1537 347 1583 cum
380 1517 569 1583 adversario
601 1516 772 1581 dialectico
803 1517 947 1583 Senecae
976 1536 1030 1582 res
1062 1522 1122 1581 est.
1169 1536 1292 1582 omnem

118 1625 347 1690 dubitationem
371 1623 398 1687 si
423 1642 486 1703 qua
509 1623 665 1687 remansit
687 1623 799 1715 eximit
823 1624 988 1688 exordium
1012 1641 1083 1703 cap.
1103 1631 1159 1690 33:
1179 1609 1295 1689 'mium

118 1732 236 1814 imperit,
261 1735 552 1812 comtemmemmr,
576 1731 605 1795 si
627 1731 896 1795 vindicaverimus
919 1710 1106 1797 imimriom.
1133 1780 1139 1795 .
1166 1779 1173 1796 .
1200 1751 1294 1796 ,111

119 1838 212 1921 quusi
235 1837 323 1903 dulce
350 1837 393 1902 sit
425 1837 597 1919 oimdieum',
627 1838 679 1902 sed
710 1837 804 1919 quusi
835 1837 914 1903 utile
937 1887 944 1901 .
970 1886 977 1902 .
1004 1887 1011 1902 .
1036 1888 1044 1903 .
1069 1835 1167 1918 quid?
1191 1856 1295 1903 nonne

119 1944 300 2026 indignaris
324 1945 512 2024 quandoque
536 1945 636 2008 bonus
665 1943 790 2010 Seneca
821 1944 869 2009 sic
900 1945 1062 2028 dormitat,
1096 1947 1212 2028 quippe
1241 1947 1295 2027 qui

121 2072 191 2133 cap.
217 2058 257 2118 11
284 2049 426 2115 ciusdem
450 2048 535 2130 libri,
559 2055 594 2114 ut
617 2050 657 2114 de
687 2051 789 2130 primo
819 2051 901 2115 libro
930 2052 1058 2116 omnino
1089 2056 1224 2134 taceam,
1249 2053 1297 2118 ita

120 2158 267 2239 incipiat:
293 2157 421 2242 utilis,
449 2160 518 2237 est,
548 2156 692 2238 imperit,
720 2158 803 2243 iro,
832 2158 910 2239 quio
936 2163 1145 2241 comtemptum
1174 2157 1296 2246 effoqit,

122 2267 200 2349 quio
228 2265 329 2330 motos
356 2267 450 2328 temet
473 2312 480 2328 .
507 2312 514 2327 .
540 2260 578 2327 ..2
609 2282 704 2343 porro
733 2264 882 2329 conferas
911 2253 1209 2346 comprehensiones
1237 2267 1296 2333 has

122 2374 201 2438 duas
225 2372 417 2436 simillimas:

167 2498 193 2544 c.
209 2484 252 2545 34
275 2500 360 2563 erpo
383 2478 446 2542 iro
461 2477 655 2543 ubstimem·
809 2498 836 2546 c.
861 2486 902 2546 14
936 2500 1136 2563 mmmqaum
1171 2482 1299 2563 itaquae

122 2588 208 2652 dmm
232 2589 283 2651 est
304 2587 368 2651 sive
385 2605 452 2667 por
478 2588 523 2648 est
546 2633 553 2648 .
579 2634 587 2649 .
614 2633 621 2649 .
648 2633 655 2649 .
764 2585 974 2652 iracundia
1057 2588 1298 2654 udraiitemdu

122 2692 468 2757 sice...sioe...
764 2697 964 2759 esi.....

213 2815 283 2895 quis
306 2814 444 2878 hicnon
467 2813 558 2878 videt
581 2814 656 2879 inde
680 2834 700 2878 a
723 2834 750 2880 c.
776 2824 817 2882 32
841 2834 904 2881 non
927 2818 990 2881 iam
1016 2818 1056 2882 de
1078 2817 1229 2883 remediis
1246 2817 1300 2899 agi

124 2923 238 3002 quibus
262 2922 308 2986 ira
335 2922 387 2985 vei
411 2920 589 3000 repellatur
611 2921 664 2985 vel
693 2926 922 3005 compescatur,
954 2924 1011 2989 sed
1036 2924 1076 2989 de
1103 2924 1161 2988 illa
1188 2943 1225 2990 re
1252 2928 1310 3001 tos
1360 2987 1362 2991 .

124 3030 208 3095 tiens
232 3029 416 3109 decantata,
442 3032 547 3092 utrum
570 3026 621 3092 ira
644 3029 771 3094 omnino
794 3030 996 3096 admittenda
1018 3031 1062 3097 sit
1084 3029 1207 3098 necne?
1230 3030 1300 3112 quis

127 3143 179 3203 est
201 3137 263 3201 iste
287 3136 365 3201 ordo
389 3152 552 3214 nexusque
575 3136 829 3202 sententiarum?

215 3243 362 3308 conferas
387 3241 479 3306 modo
503 3241 597 3308 haec:

171 3371 196 3415 cr
230 3358 271 3417 32
318 3353 357 3414 11
400 3348 529 3517 emim'
600 3351 1300 3434 ο.1111111111,1111111111...

124 3462 178 3523 ira
202 3457 293 3523 hebet
309 3506 316 3521 .
334 3506 342 3521 .
361 3504 368 3520 .
389 3454 500 3536 coimp-
527 3523 529 3527 ,
600 3474 625 3520 c.
654 3463 693 3522 12
718 3459 873 3540 meqmitio,
898 3459 1068 3542 iuquit„
1095 3510 1101 3525 .
1129 3507 1137 3523 .
1163 3457 1301 3524 .totiem·

126 3570 230 3630 totem.
526 3532 598 3654 {do
620 3566 673 3628 est.

527 3657 529 3768 1
601 3688 627 3734 c.
655 3678 695 3736 15
719 3672 867 3753 mtseius,
897 3673 1043 3755 iuquit,
1072 3673 1159 3737 irum
1190 3671 1303 3738 mttere

172 3798 199 3844 c.
226 3785 266 3844 33
290 3777 415 3856 mimas,
439 3776 500 3839 im·
527 3773 530 3882 ἱ
557 3825 564 3840 .
591 3826 598 3841 .
624 3779 798 3862 ‚pemerosi
824 3779 962 3862 aliquid.

127 3890 226 3970 quii,
250 3888 499 3952 comtemmemur.
527 3888 530 3943 1
601 3904 628 3950 c.
655 3891 740 3967 16,1
766 3887 938 3968 amimalia,
962 3886 1108 3970 inquit,
1130 3886 1302 3974 permensis·

555 3991 639 4058 simo
668 3992 827 4059 tatanem
855 4042 861 4058 .
887 4043 928 4060 ..
962 3991 981 4080 ξ
1013 4001 1042 4060 2.
1066 3993 1302 4077 simplicissimi,

557 4100 696 4183 impetit,
721 4102 866 4167 ommium
890 4101 1048 4168 habeatur
1070 4101 1232 4167 iracundi.

528 4236 531 4307 q
604 4213 814 4293 1111111,
831 4209 1112 4294 1111111111.
1125 4206 1306 4273 meliorest

528 4310 531 4379 i
605 4324 656 4400 17,
671 4325 690 4383 2
708 4316 893 4402 dommidas,
910 4314 1057 4398 iuquit,
1075 4364 1083 4379 .
1098 4363 1105 4379 .
1120 4362 1127 4379 .
1140 4315 1194 4380 ira
1209 4323 1311 4390 roret
