2820 4764
141 491 463 570 argumentationem:
488 495 583 560 immo
606 497 690 560 hanc
713 495 816 576 ipsam
833 495 872 560 ob
890 513 1019 561 causam
1036 495 1190 562 Senecam
1208 515 1323 578 paene

142 603 283 662 coactum
307 597 407 664 fuisse
431 603 590 667 contendo
615 603 743 668 variato
768 602 868 667 verbo
892 621 962 667 cnm
979 602 1114 684 primum
1131 608 1165 667 et
1181 603 1323 670 tertium

143 710 276 782 poneret
298 727 414 789 ommes,
432 708 535 773 altero
551 709 621 774 loco
638 708 726 774 aliud
743 727 910 789 usurpare.
957 707 1035 774 licet
1051 709 1134 774 enim
1152 710 1218 792 IX,
1236 718 1323 797 16,3

50 866 53 875 .
141 830 267 876 ommes
288 811 426 899 effugisti
455 835 546 880 oosrrs
572 864 579 878 .
606 864 612 879 .
641 865 647 878 .
673 816 793 896 optime
817 815 938 882 Gertz
963 837 1069 882 ommes
1099 836 1139 881 ex
1171 817 1325 886 laomimee

143 912 296 1002 effecerit,
321 924 430 985 nostro
446 909 516 987 loco
532 921 560 987 si
577 922 719 988 homines
735 941 796 987 non
813 928 901 988 esset
917 923 1080 1004 traditum,
1098 923 1322 992 restituerem.

232 1064 298 1128 Ill.
328 1063 372 1129 de
399 1063 459 1128 ira
488 1062 514 1144 l,
545 1072 610 1144 8,l
637 1113 645 1129 .
671 1113 678 1129 .
703 1067 732 1129 sr'
760 1063 841 1147 (ira)
872 1065 971 1147 coepit
994 1063 1080 1148 serre
1108 1070 1322 1149 transuersos,

143 1168 285 1252 difficilis
308 1172 351 1235 ool
372 1170 510 1236 salutem
538 1193 684 1237 recursus
706 1176 773 1257 est,
800 1172 956 1252 pmomr'om
978 1171 1066 1236 rar‘br'l
1086 1158 1229 1238 rationis
1252 1179 1343 1257 est,-

143 1277 200 1342 mbr‘
225 1276 316 1342 semel
343 1277 484 1361 adseclas
513 1279 664 1345 imdmctms
691 1284 744 1344 est
770 1280 883 1362 ruspare
914 1279 966 1343 illl
992 1278 1124 1362 aliquod
1154 1279 1325 1349 oolrmtate

144 1390 255 1452 mostra
277 1388 389 1451 datam
411 1392 467 1452 est
491 1439 498 1453 .
524 1437 531 1453 .
559 1438 565 1454 .
611 1407 630 1452 a
654 1387 798 1454 Senecae
823 1387 987 1468 elegantia
1010 1387 1179 1452 admodum
1203 1393 1325 1468 quater

145 1493 282 1574 positum
306 1495 365 1558 hoc
386 1499 439 1559 est
461 1495 636 1560 abhorrere
660 1495 798 1560 videtur.
850 1514 954 1560 nonne
977 1495 1074 1559 tertio
1097 1496 1176 1575 loco,
1202 1495 1260 1562 ubi
1284 1497 1324 1562 li·

145 1601 331 1667 beatissime
348 1621 385 1667 eo
402 1621 531 1682 careas,
550 1621 570 1666 a
585 1602 717 1666 librario
734 1603 870 1683 quodam
890 1601 1050 1668 oscitante
1069 1602 1233 1668 invectum
1256 1602 1325 1671 sit?

234 1728 296 1796 VI.
319 1728 576 1793 adMarciam
603 1729 647 1792 de
671 1727 945 1793 consolatione
968 1747 994 1793 c.
1022 1735 1104 1808 11,1
1130 1727 1176 1793 sic
1200 1728 1326 1810 legitur

145 1834 316 1899 secundum
335 1834 474 1900 codicem
486 1834 754 1899 Ambrosianum:
779 1855 860 1916 quoe
877 1834 991 1900 delmde
1004 1835 1066 1899 ista
1081 1834 1198 1916 saoe*)
1209 1835 1325 1918 perbla-

146 1962 258 2024 eamme
273 1941 469 2008 comdr'm'om‘s
484 1940 600 2006 oblim‘o
621 1939 685 2006 est?
707 1942 853 2007 mortalis
875 1946 957 2007 moto-
979 1963 1021 2022 es,
1044 1941 1193 2007 mortales
1212 1963 1327 2026 peper-

145 2049 208 2115 asra.
250 2054 347 2131 putre
376 2050 447 2132 apsa
474 2048 676 2130 statuuntque
697 2071 812 2132 corpus
834 2054 863 2114 et
893 2049 1025 2114 causis
1051 2049 1199 2115 morbos
1220 2071 1324 2134 repe-

147 2158 221 2222 raro
247 2156 385 2239 sperasti
412 2160 479 2221 tam
503 2156 660 2221 imbecilla
682 2157 819 2222 moterlo
840 2155 944 2221 solido
966 2159 997 2220 et
1018 2159 1147 2221 aetmma
1167 2156 1329 2241 pestame?

149 2312 190 2329 ..
216 2312 223 2328 .
253 2264 354 2329 verba
377 2264 507 2330 camsis
530 2264 680 2329 morbos
703 2270 816 2344 aperte
844 2272 995 2342 corrupta
1022 2271 1106 2327 sunt.
1157 2263 1329 2331 Fickert

149 2373 283 2436 Haase
307 2371 430 2438 Gertz
453 2372 537 2436 bunc
553 2372 656 2436 locum
673 2371 720 2436 ita
742 2371 920 2437 sanandum
945 2371 1120 2435 censebant
1142 2377 1178 2435 ut
1199 2370 1330 2438 morbos

149 2486 299 2559 tanquam
326 2478 609 2560 interpretamenti
632 2497 730 2543 causa
754 2477 951 2558 adscriptum
976 2477 1132 2543 delerent.
1178 2477 1230 2543 cui
1253 2496 1329 2544 sen·
1405 2562 1408 2567 Ι

148 2585 271 2651 tentiae
295 2585 463 2668 Madvig
479 2586 648 2653 verissime
664 2586 807 2652 obvertit
821 2586 956 2665 primum
972 2585 1086 2650 mirum
1103 2603 1175 2650 esse
1190 2584 1330 2667 morbos,

150 2712 211 2758 non
239 2693 358 2758 morbis
385 2693 582 2773 adscriptum
612 2713 694 2775 esse,
724 2693 849 2776 deinde,
879 2692 962 2773 quod
985 2693 1118 2774 grauius
1143 2701 1241 2772 esset,
1271 2711 1330 2758 ne·

149 2800 265 2865 minem
294 2801 327 2865 in
355 2800 414 2865 tali
445 2819 589 2866 connexu
618 2801 852 2866 sententiarum
881 2799 978 2864 i'aoile
1008 2799 1113 2865 causis
1136 2798 1331 2879 simpliciter

150 2926 208 2989 pro
240 2908 358 2974 morbis
390 2927 561 2990 usurpare;
596 2928 698 2990 neque
728 2908 812 2974 enim
841 2907 956 2974 Celsus
987 2907 1039 2973 vel
1064 2906 1232 2988 VegetiuS,
1266 2907 1329 2973 sed

152 3015 276 3082 Seneca
305 3015 339 3081 in
372 3015 519 3081 manibus
543 3021 603 3082 est.
654 3016 764 3097 itaque
788 3034 829 3080 ex
850 3014 984 3082 vocibus
1007 3015 1162 3080 ambabus
1185 3012 1332 3095 genuina.

151 3121 247 3187 lectio
264 3122 431 3188 elicienda.
479 3122 701 3188 Gronovius
723 3122 864 3187 codicem
881 3121 1018 3202 aliquem
1036 3128 1164 3186 secutus
1180 3118 1328 3200 scripsit:
1405 3106 1408 3123 '

151 3228 258 3294 carrsr's
279 3229 457 3310 morbisque
479 3229 623 3312 repetita,
648 3247 730 3310 quae
754 3227 817 3294 etsi
840 3228 944 3294 minus
967 3228 1104 3294 licenter
1127 3244 1220 3307 quam
1245 3244 1332 3307 quae

153 3340 251 3402 antea
266 3336 457 3417 placuerant
472 3336 595 3402 casibus
610 3337 803 3418 mortisque:
827 3341 939 3401 nostra
955 3340 1065 3400 aetate
1084 3333 1131 3398 sic
1154 3332 1333 3400 emendare

154 3450 241 3510 esset
265 3445 304 3509 de
332 3444 556 3510 emendatione
586 3434 771 3525 desperare.
827 3443 950 3510 Gertz
981 3441 1104 3506 morbos
1128 3448 1232 3505 ortum
1257 3457 1334 3507 esse

154 3555 248 3631 putat
268 3569 338 3616 cum
362 3552 547 3617 terminatio
572 3551 717 3634 genetivi
741 3551 874 3632 pluralis
898 3551 1090 3615 detruncata
1113 3551 1201 3613 esset
1225 3546 1335 3630 (cuius

154 3658 202 3723 rei
217 3658 248 3722 in
267 3660 327 3724 boc
349 3659 549 3740 potissimum
572 3660 655 3724 libro
678 3659 772 3739 plura
795 3663 926 3724 exstant
950 3656 1108 3738 exempla,
1133 3654 1174 3720 ol.
1199 3653 1336 3736 insuper

156 3784 324 3832 excursum
352 3766 496 3843 criticum
528 3766 570 3831 ad
600 3767 684 3831 hunc
707 3766 809 3831 locum
834 3765 866 3830 in
891 3784 976 3832 nova
999 3765 1067 3830 eius
1091 3760 1260 3845 editione),
1286 3762 1336 3829 ita

155 3874 282 3953 quidem
310 3879 347 3939 ut
369 3873 495 3956 siglum,
525 3892 586 3955 quo
615 3874 799 3939 terminatio
827 3895 902 3938 ram
930 3871 1140 3955 significatur,
1172 3868 1258 3934 male
1282 3868 1333 3935 in·

156 3982 320 4047 tellectum
351 3981 494 4047 litteram
522 4000 538 4047 s
567 3981 728 4064 gigneret,
758 3987 855 4062 atque
883 3981 930 4046 sic
958 3980 1115 4047 Senecam
1143 3974 1335 4057 scripsIsser

155 4093 186 4154 et
210 4090 338 4154 romeis
364 4089 583 4155 morbormm
610 4090 754 4172 repetito.
790 4090 847 4154 sed
871 4087 1026 4154 eiusmodi
1051 4083 1179 4152 dicendi
1202 4082 1339 4167 generis
1396 4078 1399 4083 ’

159 4197 297 4261 contorti
313 4196 433 4262 nullum
456 4197 635 4277 exemplum
659 4196 818 4278 indagare
840 4197 929 4278 potui
945 4213 1047 4277 neque
1070 4195 1126 4260 ille
1147 4193 1236 4272 ipse3
1258 4210 1341 4261 nam
1398 4231 1400 4234 -

247 4369 273 4441 *)
293 4373 360 4428 nihil
380 4381 422 4429 est
440 4376 591 4442 quodsum
609 4373 637 4429 in
657 4377 718 4428 tuoe
735 4380 877 4430 mutemus.
