2820 4764
678 215 720 275 49

115 425 237 490 dicibus
265 423 408 490 distincti
435 429 470 488 et
493 422 632 489 ordinati
665 422 846 487 traduntur.
896 420 929 485 in
960 419 1051 486 codd.
1084 419 1166 484 enim
1190 419 1223 484 D
1252 423 1287 484 et

114 531 162 602 Pa
185 530 334 596 Fickerti
352 530 428 596 inde
451 529 694 612 aH,181iber
716 528 833 594 tertius
856 525 978 608 incipit,
1002 526 1035 592 in
1058 526 1105 596 Po
1130 545 1150 591 a
1172 527 1240 609 111,
1267 533 1283 591 1

116 642 258 719 quartus.
312 637 444 702 multum
475 640 584 702 tamen
616 636 740 718 aberat,
774 639 810 700 ut
839 639 905 699 tam
937 632 1026 698 tenui
1058 638 1155 699 notae
1188 632 1286 699 facile

113 743 285 811 deterioris
307 744 491 810 testimonio
521 749 630 809 uterer
663 743 705 809 ad
729 760 799 808 eam
823 741 1002 822 opinionem
1027 759 1121 821 quam
1150 760 1180 822 p.
1207 736 1285 823 34l5

114 851 234 934 protuli
250 851 548 937 commendandam
572 869 674 932 neque
689 869 774 915 nunc
789 868 839 914 me
857 853 967 916 movet
990 847 1108 914 codicis
1132 867 1150 914 e
1173 847 1286 914 biblio·

115 959 211 1024 theca
245 957 401 1024 nationali
428 958 579 1024 Parisino
612 977 632 1025 a
665 956 911 1024 Rossbachio
940 956 1079 1023 extracti
1109 955 1286 1022 auctoritas

114 1063 220 1150 (cuius
236 1067 532 1133 commentationem
556 1085 638 1147 quae
661 1071 713 1131 est
735 1065 892 1148 inscripta
907 1064 1074 1149 Symboloe
1095 1064 1139 1129 od
1153 1063 1285 1130 Senecae

113 1170 176 1255 pilii
192 1166 289 1239 libros
303 1175 507 1240 recercsendos
521 1178 550 1239 et
564 1174 781 1238 emendandos
794 1193 877 1255 porc
899 1170 929 1253 1,
943 1170 1067 1237 Vrotiel.
1084 1177 1167 1237 1887
1185 1187 1288 1252 nuper
1373 1208 1379 1215 -

115 1279 240 1345 demum
264 1298 334 1346 cum
357 1281 439 1346 haec
464 1281 527 1346 iam
553 1281 643 1362 prelo
668 1279 824 1345 mandata
843 1282 952 1345 essent
974 1276 1069 1362 legil:
1105 1295 1284 1358 quanquam

114 1385 182 1450 cod.
207 1386 236 1450 P
262 1387 456 1453 Rossbachii
484 1385 540 1473 (cf.
570 1404 644 1470 pag.
670 1394 688 1451 9
718 1395 752 1453 et
781 1385 839 1471 10)
865 1385 996 1452 tertium
1028 1385 1155 1468 librum,
1189 1403 1283 1466 quem

113 1491 269 1574 peculiari
301 1494 482 1561 recensioni
522 1493 766 1574 vindicavimus
808 1511 926 1559 revera
957 1511 977 1557 a
1010 1492 1128 1558 ceteris
1160 1492 1282 1558 duobus

115 1599 180 1664 alio
213 1599 342 1684 dialogo
375 1601 544 1667 interiecto
577 1601 767 1682 diremptum
800 1599 941 1665 exhibet.
999 1598 1074 1665 huic
1104 1598 1287 1666 testimonio

114 1705 218 1773 XIII.
252 1726 337 1777 saec.
361 1710 423 1776 hac
445 1708 478 1775 in
502 1727 538 1774 re
562 1726 673 1791 parum
699 1715 756 1773 aut
779 1706 857 1773 nihil
882 1706 1061 1772 tribuimus.
