<?xml version="1.0" encoding="UTF-8"?>
<!DOCTYPE html PUBLIC "-//W3C//DTD XHTML 1.0 Transitional//EN"
    "http://www.w3.org/TR/xhtml1/DTD/xhtml1-transitional.dtd">
<html xmlns="http://www.w3.org/1999/xhtml" xml:lang="en" lang="en">
 <head>
  <title>
</title>
<meta http-equiv="Content-Type" content="text/html;charset=utf-8" />
  <meta name='ocr-system' content='tesseract 3.04.00' />
  <meta name='ocr-capabilities' content='ocr_page ocr_carea ocr_par ocr_line ocrx_word'/>
</head>
<body>
  <div class='ocr_page' id='page_1' title='image "./delibrorumquoss00pfengoog_0045.png"; bbox 0 0 2820 4764; ppageno 0'>
   <div class='ocr_carea' id='block_1_1' title="bbox 153 253 1342 968">
    <p class='ocr_par' dir='ltr' id='par_1_1' title="bbox 153 253 1342 968">
     <span class='ocr_line' id='line_1_1' title="bbox 716 253 756 312; baseline -0.05 0"><span class='ocrx_word' id='word_1_1' title='bbox 716 253 756 312; x_wconf 89' lang='grc'><strong>36</strong></span> 
     </span>
     <span class='ocr_line' id='line_1_2' title="bbox 153 457 1342 542; baseline 0.001 -20"><span class='ocrx_word' id='word_1_2' title='bbox 153 459 279 540; x_wconf 85' lang='lat' dir='ltr'><strong>legibus</strong></span> <span class='ocrx_word' id='word_1_3' title='bbox 316 459 477 540; x_wconf 80' lang='lat' dir='ltr'>adstringi</span> <span class='ocrx_word' id='word_1_4' title='bbox 511 478 604 538; x_wconf 87' lang='lat' dir='ltr'><strong>qnam</strong></span> <span class='ocrx_word' id='word_1_5' title='bbox 642 479 711 525; x_wconf 91' lang='lat' dir='ltr'><strong>eum</strong></span> <span class='ocrx_word' id='word_1_6' title='bbox 747 459 801 539; x_wconf 91' lang='lat' dir='ltr'><strong>qui</strong></span> <span class='ocrx_word' id='word_1_7' title='bbox 828 459 941 525; x_wconf 83' lang='lat' dir='ltr'><strong>scribit</strong></span> <span class='ocrx_word' id='word_1_8' title='bbox 969 459 1040 541; x_wconf 91' lang='lat' dir='ltr'><strong>quis</strong></span> <span class='ocrx_word' id='word_1_9' title='bbox 1067 477 1129 524; x_wconf 93' lang='lat' dir='ltr'><strong>non</strong></span> <span class='ocrx_word' id='word_1_10' title='bbox 1164 457 1284 525; x_wconf 83' lang='lat' dir='ltr'><strong>videt?</strong></span> <span class='ocrx_word' id='word_1_11' title='bbox 1303 459 1342 542; x_wconf 67' lang='lat' dir='ltr'><strong>*p</strong></span> 
     </span>
     <span class='ocr_line' id='line_1_3' title="bbox 153 560 1341 648; baseline 0.002 -18"><span class='ocrx_word' id='word_1_12' title='bbox 153 566 262 646; x_wconf 88' lang='lat' dir='ltr'><strong>itaque</strong></span> <span class='ocrx_word' id='word_1_13' title='bbox 286 585 352 631; x_wconf 91' lang='lat' dir='ltr'><strong>rem</strong></span> <span class='ocrx_word' id='word_1_14' title='bbox 377 565 467 631; x_wconf 89' lang='lat' dir='ltr'><strong>nobis</strong></span> <span class='ocrx_word' id='word_1_15' title='bbox 491 567 538 631; x_wconf 91' lang='lat' dir='ltr'><strong>sic</strong></span> <span class='ocrx_word' id='word_1_16' title='bbox 560 560 750 648; x_wconf 52' lang='lat' dir='ltr'><strong>fingamus!</strong></span> <span class='ocrx_word' id='word_1_17' title='bbox 769 565 818 632; x_wconf 91' lang='lat' dir='ltr'><strong>bis</strong></span> <span class='ocrx_word' id='word_1_18' title='bbox 842 566 1032 633; x_wconf 91' lang='lat' dir='ltr'><strong>recitavisse</strong></span> <span class='ocrx_word' id='word_1_19' title='bbox 1049 565 1206 633; x_wconf 78' lang='lat' dir='ltr'><strong>Senecam</strong></span> <span class='ocrx_word' id='word_1_20' title='bbox 1225 566 1270 632; x_wconf 88' lang='lat' dir='ltr'><strong>de</strong></span> <span class='ocrx_word' id='word_1_21' title='bbox 1287 567 1341 632; x_wconf 86' lang='lat' dir='ltr'><strong>ira</strong></span> 
     </span>
     <span class='ocr_line' id='line_1_4' title="bbox 154 672 1341 757; baseline 0.002 -20"><span class='ocrx_word' id='word_1_22' title='bbox 154 672 246 738; x_wconf 87' lang='lat' dir='ltr'><strong>modo</strong></span> <span class='ocrx_word' id='word_1_23' title='bbox 263 672 403 753; x_wconf 85' lang='lat' dir='ltr'><strong>uberius,</strong></span> <span class='ocrx_word' id='word_1_24' title='bbox 420 677 486 739; x_wconf 91' lang='lat' dir='ltr'><strong>tum</strong></span> <span class='ocrx_word' id='word_1_25' title='bbox 496 672 548 757; x_wconf 84' lang='lat'><strong>**)</strong></span> <span class='ocrx_word' id='word_1_26' title='bbox 561 674 706 754; x_wconf 77' lang='lat' dir='ltr'><strong>brevius3</strong></span> <span class='ocrx_word' id='word_1_27' title='bbox 723 673 839 740; x_wconf 85' lang='lat' dir='ltr'><strong>deinde</strong></span> <span class='ocrx_word' id='word_1_28' title='bbox 856 693 934 741; x_wconf 90' lang='lat' dir='ltr'><strong>vero</strong></span> <span class='ocrx_word' id='word_1_29' title='bbox 950 692 1021 740; x_wconf 90' lang='lat' dir='ltr'><strong>cum</strong></span> <span class='ocrx_word' id='word_1_30' title='bbox 1038 692 1176 754; x_wconf 86' lang='lat' dir='ltr'><strong>eaquae</strong></span> <span class='ocrx_word' id='word_1_31' title='bbox 1193 692 1341 739; x_wconf 88' lang='lat' dir='ltr'><strong>coronae</strong></span> 
     </span>
     <span class='ocr_line' id='line_1_5' title="bbox 154 781 1339 862; baseline 0 -16"><span class='ocrx_word' id='word_1_32' title='bbox 154 781 299 862; x_wconf 84' lang='lat' dir='ltr'><strong>plausum</strong></span> <span class='ocrx_word' id='word_1_33' title='bbox 313 781 538 847; x_wconf 82' lang='lat' dir='ltr'><strong>excitaverant</strong></span> <span class='ocrx_word' id='word_1_34' title='bbox 549 782 646 847; x_wconf 91' lang='lat' dir='ltr'><strong>edere</strong></span> <span class='ocrx_word' id='word_1_35' title='bbox 663 786 794 861; x_wconf 87' lang='lat' dir='ltr'><strong>pararet</strong></span> <span class='ocrx_word' id='word_1_36' title='bbox 810 786 845 846; x_wconf 91' lang='lat' dir='ltr'><strong>ut</strong></span> <span class='ocrx_word' id='word_1_37' title='bbox 860 781 991 847; x_wconf 88' lang='lat' dir='ltr'><strong>Novato</strong></span> <span class='ocrx_word' id='word_1_38' title='bbox 1008 781 1162 862; x_wconf 89' lang='lat' dir='ltr'><strong>mitteret,</strong></span> <span class='ocrx_word' id='word_1_39' title='bbox 1181 785 1339 846; x_wconf 80' lang='lat' dir='ltr'>neutram</span> 
     </span>
     <span class='ocr_line' id='line_1_6' title="bbox 154 886 1340 968; baseline 0.003 -16"><span class='ocrx_word' id='word_1_40' title='bbox 154 887 376 953; x_wconf 74' lang='lat' dir='ltr'><strong>recitationem</strong></span> <span class='ocrx_word' id='word_1_41' title='bbox 409 886 576 968; x_wconf 83' lang='lat' dir='ltr'><strong>abiecisse,</strong></span> <span class='ocrx_word' id='word_1_42' title='bbox 610 888 667 954; x_wconf 91' lang='lat' dir='ltr'><strong>sed</strong></span> <span class='ocrx_word' id='word_1_43' title='bbox 700 889 878 955; x_wconf 88' lang='lat' dir='ltr'><strong>breviorem</strong></span> <span class='ocrx_word' id='word_1_44' title='bbox 914 888 1027 954; x_wconf 85' lang='lat' dir='ltr'><strong>maiori</strong></span> <span class='ocrx_word' id='word_1_45' title='bbox 1062 888 1253 954; x_wconf 84' lang='lat' dir='ltr'><strong>adiunxisse</strong></span> <span class='ocrx_word' id='word_1_46' title='bbox 1288 889 1340 955; x_wconf 87' lang='lat' dir='ltr'><strong>ita</strong></span> 
     </span>
    </p>
   </div>
   <div class='ocr_carea' id='block_1_2' title="bbox 60 993 1355 1076">
    <p class='ocr_par' dir='ltr' id='par_1_2' title="bbox 60 993 1355 1076">
     <span class='ocr_line' id='line_1_7' title="bbox 60 993 1355 1076; baseline 0.001 -16"><span class='ocrx_word' id='word_1_47' title='bbox 60 1020 64 1029; x_wconf 61' lang='lat'>¹</span> <span class='ocrx_word' id='word_1_48' title='bbox 154 1000 261 1060; x_wconf 87' lang='lat' dir='ltr'><strong>tamen</strong></span> <span class='ocrx_word' id='word_1_49' title='bbox 284 1000 320 1059; x_wconf 90' lang='lat' dir='ltr'><strong>ut</strong></span> <span class='ocrx_word' id='word_1_50' title='bbox 343 1013 446 1074; x_wconf 86' lang='lat' dir='ltr'><strong>pauca</strong></span> <span class='ocrx_word' id='word_1_51' title='bbox 470 993 674 1076; x_wconf 79' lang='lat' dir='ltr'><strong>rescriberet,</strong></span> <span class='ocrx_word' id='word_1_52' title='bbox 700 995 844 1061; x_wconf 87' lang='lat' dir='ltr'><strong>velutin</strong></span> <span class='ocrx_word' id='word_1_53' title='bbox 869 995 937 1061; x_wconf 90' lang='lat' dir='ltr'><strong>eius</strong></span> <span class='ocrx_word' id='word_1_54' title='bbox 966 994 1097 1061; x_wconf 86' lang='lat' dir='ltr'><strong>exordio</strong></span> <span class='ocrx_word' id='word_1_55' title='bbox 1125 995 1355 1076; x_wconf 80' lang='lat' dir='ltr'><strong>interpositis</strong></span> 
     </span>
    </p>
   </div>
   <div class='ocr_carea' id='block_1_3' title="bbox 153 1100 1339 1502">
    <p class='ocr_par' dir='ltr' id='par_1_3' title="bbox 153 1100 1339 1502">
     <span class='ocr_line' id='line_1_8' title="bbox 153 1100 1338 1186; baseline 0.004 -21"><span class='ocrx_word' id='word_1_56' title='bbox 153 1100 218 1166; x_wconf 92' lang='lat' dir='ltr'><strong>illis</strong></span> <span class='ocrx_word' id='word_1_57' title='bbox 242 1120 324 1182; x_wconf 89' lang='lat' dir='ltr'><strong>quae</strong></span> <span class='ocrx_word' id='word_1_58' title='bbox 347 1120 445 1182; x_wconf 91' lang='lat' dir='ltr'><strong>supra</strong></span> <span class='ocrx_word' id='word_1_59' title='bbox 468 1101 670 1168; x_wconf 86' lang='lat' dir='ltr'><strong>enotanimus</strong></span> <span class='ocrx_word' id='word_1_60' title='bbox 693 1107 731 1166; x_wconf 81' lang='lat' dir='ltr'><strong>nt</strong></span> <span class='ocrx_word' id='word_1_61' title='bbox 753 1103 788 1168; x_wconf 86' lang='lat' dir='ltr'><strong>in</strong></span> <span class='ocrx_word' id='word_1_62' title='bbox 815 1103 982 1186; x_wconf 84' lang='lat' dir='ltr'><strong>prioribus</strong></span> <span class='ocrx_word' id='word_1_63' title='bbox 1010 1102 1102 1169; x_wconf 78' lang='lat' dir='ltr'><strong>tibris</strong></span> <span class='ocrx_word' id='word_1_64' title='bbox 1129 1103 1201 1168; x_wconf 68' lang='lat' dir='ltr'><strong>disci</strong></span> <span class='ocrx_word' id='word_1_65' title='bbox 1231 1101 1282 1186; x_wconf 86' lang='lat'><strong>(3,</strong></span> <span class='ocrx_word' id='word_1_66' title='bbox 1302 1101 1338 1186; x_wconf 89' lang='grc' dir='ltr'>Ι)</span> 
     </span>
     <span class='ocr_line' id='line_1_9' title="bbox 153 1207 1333 1295; baseline 0.002 -21"><span class='ocrx_word' id='word_1_67' title='bbox 153 1212 188 1274; x_wconf 86' lang='lat' dir='ltr'><strong>et</strong></span> <span class='ocrx_word' id='word_1_68' title='bbox 208 1227 301 1290; x_wconf 82' lang='lat' dir='ltr'><strong>quern</strong></span> <span class='ocrx_word' id='word_1_69' title='bbox 324 1207 363 1273; x_wconf 87' lang='lat' dir='ltr'><strong>irc</strong></span> <span class='ocrx_word' id='word_1_70' title='bbox 380 1208 548 1291; x_wconf 75' lang='lat' dir='ltr'><strong>prioribus</strong></span> <span class='ocrx_word' id='word_1_71' title='bbox 572 1208 663 1274; x_wconf 82' lang='lat' dir='ltr'><strong>libris</strong></span> <span class='ocrx_word' id='word_1_72' title='bbox 691 1209 945 1290; x_wconf 85' lang='lat' dir='ltr'><strong>descripsimus.</strong></span> <span class='ocrx_word' id='word_1_73' title='bbox 972 1259 979 1275; x_wconf 91' lang='lat'><strong>.</strong></span> <span class='ocrx_word' id='word_1_74' title='bbox 1006 1260 1013 1276; x_wconf 91' lang='lat'><strong>.</strong></span> <span class='ocrx_word' id='word_1_75' title='bbox 1039 1259 1046 1274; x_wconf 90' lang='lat'><strong>.</strong></span> <span class='ocrx_word' id='word_1_76' title='bbox 1071 1208 1168 1295; x_wconf 87' lang='grc'>(4,1)</span> <span class='ocrx_word' id='word_1_77' title='bbox 1201 1208 1333 1277; x_wconf 67' lang='lat' dir='ltr'><strong>arodus</strong></span> 
     </span>
     <span class='ocr_line' id='line_1_10' title="bbox 155 1313 1339 1384; baseline 0.004 -5"><span class='ocrx_word' id='word_1_78' title='bbox 155 1313 314 1379; x_wconf 89' lang='lat' dir='ltr'><strong>vinculum</strong></span> <span class='ocrx_word' id='word_1_79' title='bbox 350 1333 420 1380; x_wconf 89' lang='lat' dir='ltr'><strong>cum</strong></span> <span class='ocrx_word' id='word_1_80' title='bbox 455 1315 720 1381; x_wconf 82' lang='lat' dir='ltr'><strong>antecedentibus</strong></span> <span class='ocrx_word' id='word_1_81' title='bbox 755 1320 970 1382; x_wconf 87' lang='lat' dir='ltr'><strong>connecteret.</strong></span> <span class='ocrx_word' id='word_1_82' title='bbox 1028 1316 1076 1382; x_wconf 89' lang='lat' dir='ltr'><strong>sic</strong></span> <span class='ocrx_word' id='word_1_83' title='bbox 1109 1317 1190 1382; x_wconf 91' lang='lat' dir='ltr'><strong>haec</strong></span> <span class='ocrx_word' id='word_1_84' title='bbox 1229 1319 1339 1384; x_wconf 82' lang='lat' dir='ltr'><strong>verba</strong></span> 
     </span>
     <span class='ocr_line' id='line_1_11' title="bbox 155 1420 1167 1502; baseline -0.001 -15"><span class='ocrx_word' id='word_1_85' title='bbox 155 1420 298 1487; x_wconf 86' lang='lat' dir='ltr'><strong>Senecae</strong></span> <span class='ocrx_word' id='word_1_86' title='bbox 321 1421 385 1501; x_wconf 91' lang='lat' dir='ltr'><strong>ipsi</strong></span> <span class='ocrx_word' id='word_1_87' title='bbox 408 1421 568 1488; x_wconf 88' lang='lat' dir='ltr'><strong>vindicari</strong></span> <span class='ocrx_word' id='word_1_88' title='bbox 592 1425 732 1502; x_wconf 79' lang='lat' dir='ltr'><strong>possunt.</strong></span> <span class='ocrx_word' id='word_1_89' title='bbox 1165 1431 1167 1435; x_wconf 79' lang='grc'>’</span> 
     </span>
    </p>
   </div>
   <div class='ocr_carea' id='block_1_4' title="bbox 146 1545 1397 2163">
    <p class='ocr_par' dir='ltr' id='par_1_4' title="bbox 146 1545 1397 2163">
     <span class='ocr_line' id='line_1_12' title="bbox 243 1545 1338 1630; baseline 0.005 -19"><span class='ocrx_word' id='word_1_90' title='bbox 243 1564 354 1611; x_wconf 86' lang='lat' dir='ltr'><strong>verum</strong></span> <span class='ocrx_word' id='word_1_91' title='bbox 379 1545 541 1612; x_wconf 81' lang='lat' dir='ltr'><strong>enimvero</strong></span> <span class='ocrx_word' id='word_1_92' title='bbox 565 1547 598 1611; x_wconf 92' lang='lat' dir='ltr'><strong>in</strong></span> <span class='ocrx_word' id='word_1_93' title='bbox 622 1547 682 1611; x_wconf 89' lang='lat' dir='ltr'><strong>tali</strong></span> <span class='ocrx_word' id='word_1_94' title='bbox 705 1566 741 1611; x_wconf 91' lang='lat' dir='ltr'><strong>re</strong></span> <span class='ocrx_word' id='word_1_95' title='bbox 765 1545 845 1611; x_wconf 91' lang='lat' dir='ltr'><strong>certi</strong></span> <span class='ocrx_word' id='word_1_96' title='bbox 866 1546 1032 1628; x_wconf 89' lang='lat' dir='ltr'><strong>quicquam</strong></span> <span class='ocrx_word' id='word_1_97' title='bbox 1050 1547 1188 1629; x_wconf 90' lang='lat' dir='ltr'><strong>probare</strong></span> <span class='ocrx_word' id='word_1_98' title='bbox 1206 1566 1338 1630; x_wconf 86' lang='lat' dir='ltr'><strong>nequeo</strong></span> 
     </span>
     <span class='ocr_line' id='line_1_13' title="bbox 146 1652 1337 1734; baseline 0.003 -16"><span class='ocrx_word' id='word_1_99' title='bbox 146 1671 214 1719; x_wconf 87' lang='lat' dir='ltr'><strong>nec</strong></span> <span class='ocrx_word' id='word_1_100' title='bbox 236 1652 376 1719; x_wconf 85' lang='lat' dir='ltr'><strong>fortasse</strong></span> <span class='ocrx_word' id='word_1_101' title='bbox 399 1671 537 1734; x_wconf 89' lang='lat' dir='ltr'><strong>unquam</strong></span> <span class='ocrx_word' id='word_1_102' title='bbox 562 1653 680 1719; x_wconf 87' lang='lat' dir='ltr'><strong>afferre</strong></span> <span class='ocrx_word' id='word_1_103' title='bbox 703 1653 823 1719; x_wconf 86' lang='lat' dir='ltr'><strong>licebit.</strong></span> <span class='ocrx_word' id='word_1_104' title='bbox 870 1672 973 1734; x_wconf 91' lang='lat' dir='ltr'><strong>neque</strong></span> <span class='ocrx_word' id='word_1_105' title='bbox 989 1655 1049 1719; x_wconf 90' lang='lat' dir='ltr'><strong>hoc</strong></span> <span class='ocrx_word' id='word_1_106' title='bbox 1065 1653 1157 1720; x_wconf 93' lang='lat' dir='ltr'><strong>nobis</strong></span> <span class='ocrx_word' id='word_1_107' title='bbox 1174 1654 1337 1723; x_wconf 88' lang='lat' dir='ltr'><strong>sumimus</strong></span> 
     </span>
     <span class='ocr_line' id='line_1_14' title="bbox 153 1759 1339 1840; baseline 0.005 -17"><span class='ocrx_word' id='word_1_108' title='bbox 153 1764 190 1823; x_wconf 91' lang='lat' dir='ltr'><strong>nt</strong></span> <span class='ocrx_word' id='word_1_109' title='bbox 212 1778 321 1824; x_wconf 89' lang='lat' dir='ltr'><strong>omnes</strong></span> <span class='ocrx_word' id='word_1_110' title='bbox 344 1760 437 1825; x_wconf 92' lang='lat' dir='ltr'><strong>huius</strong></span> <span class='ocrx_word' id='word_1_111' title='bbox 460 1760 508 1825; x_wconf 92' lang='lat' dir='ltr'><strong>rei</strong></span> <span class='ocrx_word' id='word_1_112' title='bbox 532 1759 742 1825; x_wconf 82' lang='lat' dir='ltr'><strong>difficultates</strong></span> <span class='ocrx_word' id='word_1_113' title='bbox 765 1760 987 1840; x_wconf 84' lang='lat' dir='ltr'><strong>expediamus:</strong></span> <span class='ocrx_word' id='word_1_114' title='bbox 1019 1779 1077 1826; x_wconf 91' lang='lat' dir='ltr'><strong>nos</strong></span> <span class='ocrx_word' id='word_1_115' title='bbox 1107 1759 1136 1826; x_wconf 91' lang='lat' dir='ltr'><strong>si</strong></span> <span class='ocrx_word' id='word_1_116' title='bbox 1168 1761 1203 1826; x_wconf 89' lang='lat' dir='ltr'><strong>id</strong></span> <span class='ocrx_word' id='word_1_117' title='bbox 1235 1769 1339 1830; x_wconf 88' lang='lat' dir='ltr'><strong>extra</strong></span> 
     </span>
     <span class='ocr_line' id='line_1_15' title="bbox 154 1866 1397 1947; baseline 0.005 -17"><span class='ocrx_word' id='word_1_118' title='bbox 154 1884 277 1931; x_wconf 93' lang='lat' dir='ltr'><strong>omnem</strong></span> <span class='ocrx_word' id='word_1_119' title='bbox 306 1866 536 1933; x_wconf 85' lang='lat' dir='ltr'><strong>dubitationem</strong></span> <span class='ocrx_word' id='word_1_120' title='bbox 572 1866 770 1947; x_wconf 84' lang='lat' dir='ltr'><strong>posuerimus</strong></span> <span class='ocrx_word' id='word_1_121' title='bbox 804 1868 837 1932; x_wconf 92' lang='lat' dir='ltr'><strong>in</strong></span> <span class='ocrx_word' id='word_1_122' title='bbox 869 1868 920 1934; x_wconf 90' lang='lat' dir='ltr'><strong>his</strong></span> <span class='ocrx_word' id='word_1_123' title='bbox 952 1868 1055 1934; x_wconf 91' lang='lat' dir='ltr'><strong>tribus</strong></span> <span class='ocrx_word' id='word_1_124' title='bbox 1089 1867 1169 1934; x_wconf 87' lang='lat' dir='ltr'><strong>locis</strong></span> <span class='ocrx_word' id='word_1_125' title='bbox 1203 1868 1246 1935; x_wconf 90' lang='lat' dir='ltr'><strong>de</strong></span> <span class='ocrx_word' id='word_1_126' title='bbox 1285 1868 1339 1936; x_wconf 90' lang='lat' dir='ltr'><strong>ira</strong></span> <span class='ocrx_word' id='word_1_127' title='bbox 1392 1906 1397 1917; x_wconf 94' lang='lat'>·</span> 
     </span>
     <span class='ocr_line' id='line_1_16' title="bbox 155 1972 1338 2056; baseline 0.008 -21"><span class='ocrx_word' id='word_1_128' title='bbox 155 1972 262 2054; x_wconf 88' lang='lat' dir='ltr'><strong>plures</strong></span> <span class='ocrx_word' id='word_1_129' title='bbox 296 1981 427 2039; x_wconf 87' lang='lat' dir='ltr'><strong>exstare</strong></span> <span class='ocrx_word' id='word_1_130' title='bbox 456 1973 661 2039; x_wconf 85' lang='lat' dir='ltr'><strong>recensiones</strong></span> <span class='ocrx_word' id='word_1_131' title='bbox 692 1993 863 2056; x_wconf 88' lang='lat' dir='ltr'><strong>earumque</strong></span> <span class='ocrx_word' id='word_1_132' title='bbox 892 1994 988 2041; x_wconf 91' lang='lat' dir='ltr'><strong>unam</strong></span> <span class='ocrx_word' id='word_1_133' title='bbox 1021 1975 1191 2056; x_wconf 87' lang='lat' dir='ltr'><strong>complecti</strong></span> <span class='ocrx_word' id='word_1_134' title='bbox 1226 1981 1338 2044; x_wconf 91' lang='lat' dir='ltr'><strong>totum</strong></span> 
     </span>
     <span class='ocr_line' id='line_1_17' title="bbox 154 2078 952 2163; baseline 0.005 -21"><span class='ocrx_word' id='word_1_135' title='bbox 154 2078 223 2143; x_wconf 85' lang='lat' dir='ltr'><strong>fere</strong></span> <span class='ocrx_word' id='word_1_136' title='bbox 247 2079 361 2145; x_wconf 92' lang='lat' dir='ltr'><strong>librum</strong></span> <span class='ocrx_word' id='word_1_137' title='bbox 386 2079 526 2163; x_wconf 87' lang='lat' dir='ltr'><strong>tertium,</strong></span> <span class='ocrx_word' id='word_1_138' title='bbox 552 2080 633 2147; x_wconf 90' lang='lat' dir='ltr'><strong>satis</strong></span> <span class='ocrx_word' id='word_1_139' title='bbox 657 2081 775 2146; x_wconf 91' lang='lat' dir='ltr'><strong>erimus</strong></span> <span class='ocrx_word' id='word_1_140' title='bbox 799 2081 952 2148; x_wconf 89' lang='lat' dir='ltr'><strong>contenti.</strong></span> 
     </span>
    </p>
   </div>
   <div class='ocr_carea' id='block_1_5' title="bbox 702 2378 777 2462">
    <p class='ocr_par' dir='ltr' id='par_1_5' title="bbox 702 2378 777 2462">
     <span class='ocr_line' id='line_1_18' title="bbox 702 2378 777 2462; baseline 0.013 -2"><span class='ocrx_word' id='word_1_141' title='bbox 702 2378 777 2462; x_wconf 79' lang='lat' dir='ltr'><strong>lv.</strong></span> 
     </span>
    </p>
   </div>
   <div class='ocr_carea' id='block_1_6' title="bbox 199 2558 1340 2752">
    <p class='ocr_par' dir='ltr' id='par_1_6' title="bbox 199 2558 1340 2752">
     <span class='ocr_line' id='line_1_19' title="bbox 243 2558 1223 2646; baseline 0.004 -22"><span class='ocrx_word' id='word_1_142' title='bbox 243 2559 379 2639; x_wconf 88' lang='lat' dir='ltr'><strong>denique</strong></span> <span class='ocrx_word' id='word_1_143' title='bbox 403 2561 539 2640; x_wconf 83' lang='lat' dir='ltr'><strong>patroula</strong></span> <span class='ocrx_word' id='word_1_144' title='bbox 563 2561 771 2626; x_wconf 85' lang='lat' dir='ltr'><strong>coniectanea</strong></span> <span class='ocrx_word' id='word_1_145' title='bbox 794 2580 946 2646; x_wconf 88' lang='lat' dir='ltr'><strong>promam,</strong></span> <span class='ocrx_word' id='word_1_146' title='bbox 972 2560 1007 2627; x_wconf 83' lang='lat' dir='ltr'><strong>od</strong></span> <span class='ocrx_word' id='word_1_147' title='bbox 1028 2584 1063 2626; x_wconf 82' lang='lat' dir='ltr'><strong>aa</strong></span> <span class='ocrx_word' id='word_1_148' title='bbox 1086 2558 1223 2644; x_wconf 76' lang='grc' dir='ltr'><strong>τύχωμι.</strong></span> 
     </span>
     <span class='ocr_line' id='line_1_20' title="bbox 199 2667 1340 2752; baseline 0.008 -21"><span class='ocrx_word' id='word_1_149' title='bbox 199 2667 275 2732; x_wconf 91' lang='lat' dir='ltr'><strong>dial.</strong></span> <span class='ocrx_word' id='word_1_150' title='bbox 310 2667 337 2732; x_wconf 94' lang='grc' dir='ltr'>Ι.</span> <span class='ocrx_word' id='word_1_151' title='bbox 386 2667 430 2733; x_wconf 86' lang='lat' dir='ltr'><strong>de</strong></span> <span class='ocrx_word' id='word_1_152' title='bbox 457 2667 707 2748; x_wconf 86' lang='lat' dir='ltr'><strong>providentia</strong></span> <span class='ocrx_word' id='word_1_153' title='bbox 736 2676 833 2750; x_wconf 81' lang='lat'><strong>5,10.</strong></span> <span class='ocrx_word' id='word_1_154' title='bbox 889 2669 1014 2736; x_wconf 83' lang='lat' dir='ltr'><strong>Seneca</strong></span> <span class='ocrx_word' id='word_1_155' title='bbox 1040 2675 1193 2752; x_wconf 90' lang='lat' dir='ltr'><strong>tanquam</strong></span> <span class='ocrx_word' id='word_1_156' title='bbox 1224 2690 1340 2740; x_wconf 79' lang='lat' dir='ltr'><strong>exent-</strong></span> 
     </span>
    </p>
   </div>
   <div class='ocr_carea' id='block_1_7' title="bbox 152 2773 1337 2946">
    <p class='ocr_par' dir='ltr' id='par_1_7' title="bbox 152 2773 1337 2946">
     <span class='ocr_line' id='line_1_21' title="bbox 153 2773 1337 2858; baseline 0.009 -21"><span class='ocrx_word' id='word_1_157' title='bbox 153 2773 226 2854; x_wconf 91' lang='lat' dir='ltr'><strong>plar</strong></span> <span class='ocrx_word' id='word_1_158' title='bbox 249 2773 325 2840; x_wconf 83' lang='lat' dir='ltr'><strong>boni</strong></span> <span class='ocrx_word' id='word_1_159' title='bbox 353 2775 419 2839; x_wconf 85' lang='lat' dir='ltr'><strong>riri</strong></span> <span class='ocrx_word' id='word_1_160' title='bbox 447 2775 500 2840; x_wconf 86' lang='lat' dir='ltr'><strong>cni</strong></span> <span class='ocrx_word' id='word_1_161' title='bbox 530 2775 641 2857; x_wconf 80' lang='lat' dir='ltr'><strong>clipeo</strong></span> <span class='ocrx_word' id='word_1_162' title='bbox 671 2776 870 2843; x_wconf 83' lang='lat' dir='ltr'><strong>incommodo</strong></span> <span class='ocrx_word' id='word_1_163' title='bbox 902 2778 1058 2858; x_wconf 66' lang='lat' dir='ltr'><strong>madunt,</strong></span> <span class='ocrx_word' id='word_1_164' title='bbox 1090 2777 1337 2847; x_wconf 83' lang='lat' dir='ltr'><strong>Phaethontem</strong></span> 
     </span>
     <span class='ocr_line' id='line_1_22' title="bbox 152 2878 291 2946; baseline 0.014 -2"><span class='ocrx_word' id='word_1_165' title='bbox 152 2878 291 2946; x_wconf 87' lang='lat' dir='ltr'><strong>inducit:</strong></span> 
     </span>
    </p>
   </div>
   <div class='ocr_carea' id='block_1_8' title="bbox 152 3071 1331 3233">
    <p class='ocr_par' dir='ltr' id='par_1_8' title="bbox 152 3071 1331 3233">
     <span class='ocr_line' id='line_1_23' title="bbox 242 3071 1331 3151; baseline 0.008 -23"><span class='ocrx_word' id='word_1_166' title='bbox 242 3071 269 3141; x_wconf 77' lang='lat' dir='ltr'><strong>*l</strong></span> <span class='ocrx_word' id='word_1_167' title='bbox 293 3080 355 3143; x_wconf 91' lang='lat' dir='ltr'><strong>apte</strong></span> <span class='ocrx_word' id='word_1_168' title='bbox 371 3076 413 3129; x_wconf 92' lang='lat' dir='ltr'><strong>hic</strong></span> <span class='ocrx_word' id='word_1_169' title='bbox 436 3076 605 3132; x_wconf 84' lang='lat' dir='ltr'><strong>conferentur</strong></span> <span class='ocrx_word' id='word_1_170' title='bbox 629 3094 698 3144; x_wconf 87' lang='lat' dir='ltr'><strong>qnae</strong></span> <span class='ocrx_word' id='word_1_171' title='bbox 716 3077 1002 3134; x_wconf 84' lang='lat' dir='ltr'><strong>Wilamowitzius</strong></span> <span class='ocrx_word' id='word_1_172' title='bbox 1025 3080 1057 3134; x_wconf 89' lang='lat' dir='ltr'><strong>de</strong></span> <span class='ocrx_word' id='word_1_173' title='bbox 1075 3078 1169 3134; x_wconf 83' lang='lat' dir='ltr'><strong>Telete</strong></span> <span class='ocrx_word' id='word_1_174' title='bbox 1188 3079 1331 3151; x_wconf 81' lang='lat' dir='ltr'><strong>disseruit,</strong></span> 
     </span>
     <span class='ocr_line' id='line_1_24' title="bbox 152 3161 631 3233; baseline 0.006 -17"><span class='ocrx_word' id='word_1_175' title='bbox 152 3161 248 3231; x_wconf 79' lang='lat' dir='ltr'><strong>Antig.</strong></span> <span class='ocrx_word' id='word_1_176' title='bbox 267 3179 292 3217; x_wconf 89' lang='lat' dir='ltr'><strong>v.</strong></span> <span class='ocrx_word' id='word_1_177' title='bbox 313 3163 384 3232; x_wconf 78' lang='lat' dir='ltr'><strong>Cary</strong></span> <span class='ocrx_word' id='word_1_178' title='bbox 402 3169 435 3219; x_wconf 92' lang='lat' dir='ltr'><strong>st.</strong></span> <span class='ocrx_word' id='word_1_179' title='bbox 454 3180 480 3231; x_wconf 92' lang='lat' dir='ltr'><strong>p.</strong></span> <span class='ocrx_word' id='word_1_180' title='bbox 500 3167 552 3218; x_wconf 88' lang='grc'><strong>307</strong></span> <span class='ocrx_word' id='word_1_181' title='bbox 572 3181 631 3233; x_wconf 86' lang='lat' dir='ltr'><strong>sqq.</strong></span> 
     </span>
    </p>
   </div>
   <div class='ocr_carea' id='block_1_9' title="bbox 148 3247 1339 4384">
    <p class='ocr_par' dir='ltr' id='par_1_9' title="bbox 148 3247 1339 4384">
     <span class='ocr_line' id='line_1_25' title="bbox 224 3247 1336 3325; baseline 0.008 -20"><span class='ocrx_word' id='word_1_182' title='bbox 224 3247 267 3314; x_wconf 82' lang='lat'><strong>**)</strong></span> <span class='ocrx_word' id='word_1_183' title='bbox 287 3256 358 3307; x_wconf 85' lang='lat' dir='ltr'><strong>certe</strong></span> <span class='ocrx_word' id='word_1_184' title='bbox 377 3253 431 3317; x_wconf 91' lang='grc' dir='ltr'>ΙΙΙ,</span> <span class='ocrx_word' id='word_1_185' title='bbox 451 3255 494 3318; x_wconf 80' lang='grc'><strong>25,</strong></span> <span class='ocrx_word' id='word_1_186' title='bbox 507 3258 536 3308; x_wconf 84' lang='grc'><strong>3;</strong></span> <span class='ocrx_word' id='word_1_187' title='bbox 562 3253 629 3307; x_wconf 83' lang='lat' dir='ltr'><strong>illud</strong></span> <span class='ocrx_word' id='word_1_188' title='bbox 646 3271 701 3308; x_wconf 84' lang='lat' dir='ltr'><strong>aon</strong></span> <span class='ocrx_word' id='word_1_189' title='bbox 719 3255 806 3310; x_wconf 66' lang='lat' dir='ltr'><strong>renui</strong></span> <span class='ocrx_word' id='word_1_190' title='bbox 822 3255 852 3310; x_wconf 85' lang='lat' dir='ltr'><strong>irc</strong></span> <span class='ocrx_word' id='word_1_191' title='bbox 869 3255 987 3322; x_wconf 80' lang='lat' dir='ltr'><strong>dubium,</strong></span> <span class='ocrx_word' id='word_1_192' title='bbox 1006 3256 1072 3325; x_wconf 83' lang='lat' dir='ltr'><strong>qnia</strong></span> <span class='ocrx_word' id='word_1_193' title='bbox 1089 3273 1115 3311; x_wconf 88' lang='lat' dir='ltr'><strong>se</strong></span> <span class='ocrx_word' id='word_1_194' title='bbox 1132 3256 1262 3311; x_wconf 68' lang='lat' dir='ltr'><strong>emnerii</strong></span> <span class='ocrx_word' id='word_1_195' title='bbox 1277 3261 1336 3314; x_wconf 78' lang='lat' dir='ltr'><strong>tra·-</strong></span> 
     </span>
     <span class='ocr_line' id='line_1_26' title="bbox 152 3339 1334 3416; baseline 0.007 -22"><span class='ocrx_word' id='word_1_196' title='bbox 152 3339 198 3395; x_wconf 83' lang='lat' dir='ltr'><strong>bce</strong></span> <span class='ocrx_word' id='word_1_197' title='bbox 214 3344 242 3395; x_wconf 82' lang='lat' dir='ltr'><strong>et</strong></span> <span class='ocrx_word' id='word_1_198' title='bbox 257 3340 340 3395; x_wconf 81' lang='lat' dir='ltr'><strong>alticio</strong></span> <span class='ocrx_word' id='word_1_199' title='bbox 356 3342 458 3396; x_wconf 72' lang='lat' dir='ltr'><strong>steterat</strong></span> <span class='ocrx_word' id='word_1_200' title='bbox 474 3342 593 3412; x_wconf 82' lang='lat' dir='ltr'><strong>quisquis</strong></span> <span class='ocrx_word' id='word_1_201' title='bbox 611 3343 765 3414; x_wconf 77' lang='lat' dir='ltr'><strong>desperit</strong></span> <span class='ocrx_word' id='word_1_202' title='bbox 780 3345 938 3400; x_wconf 71' lang='lat' dir='ltr'><strong>masada:</strong></span> <span class='ocrx_word' id='word_1_203' title='bbox 961 3345 1103 3414; x_wconf 82' lang='lat' dir='ltr'><strong>proprium</strong></span> <span class='ocrx_word' id='word_1_204' title='bbox 1126 3349 1167 3400; x_wconf 82' lang='lat' dir='ltr'><strong>cst</strong></span> <span class='ocrx_word' id='word_1_205' title='bbox 1190 3348 1334 3416; x_wconf 75' lang='lat' dir='ltr'><strong>mapaiuc·</strong></span> 
     </span>
     <span class='ocr_line' id='line_1_27' title="bbox 153 3429 1338 3504; baseline 0.008 -20"><span class='ocrx_word' id='word_1_206' title='bbox 153 3429 225 3485; x_wconf 83' lang='lat' dir='ltr'><strong>diar&#39;a</strong></span> <span class='ocrx_word' id='word_1_207' title='bbox 242 3447 317 3485; x_wconf 73' lang='lat' dir='ltr'><strong>omae</strong></span> <span class='ocrx_word' id='word_1_208' title='bbox 335 3449 389 3486; x_wconf 82' lang='lat' dir='ltr'><strong>porc</strong></span> <span class='ocrx_word' id='word_1_209' title='bbox 407 3436 515 3485; x_wconf 70' lang='lat' dir='ltr'><strong>scindre</strong></span> <span class='ocrx_word' id='word_1_210' title='bbox 534 3447 711 3495; x_wconf 82' lang='lat' dir='ltr'><strong>percussum.</strong></span> <span class='ocrx_word' id='word_1_211' title='bbox 747 3434 796 3489; x_wconf 87' lang='lat' dir='ltr'><strong>sic</strong></span> <span class='ocrx_word' id='word_1_212' title='bbox 822 3434 980 3490; x_wconf 82' lang='lat' dir='ltr'><strong>immunis</strong></span> <span class='ocrx_word' id='word_1_213' title='bbox 1003 3436 1081 3504; x_wconf 78' lang='lat' dir='ltr'><strong>fero</strong></span> <span class='ocrx_word' id='word_1_214' title='bbox 1103 3434 1144 3488; x_wconf 86' lang='lat' dir='ltr'><strong>cd</strong></span> <span class='ocrx_word' id='word_1_215' title='bbox 1163 3434 1338 3493; x_wconf 79' lang='lat' dir='ltr'><strong>latratum</strong></span> 
     </span>
     <span class='ocr_line' id='line_1_28' title="bbox 152 3522 1337 3594; baseline 0.01 -21"><span class='ocrx_word' id='word_1_216' title='bbox 152 3536 268 3575; x_wconf 79' lang='lat' dir='ltr'><strong>ccccm</strong></span> <span class='ocrx_word' id='word_1_217' title='bbox 291 3522 383 3576; x_wconf 81' lang='lat' dir='ltr'><strong>lecta</strong></span> <span class='ocrx_word' id='word_1_218' title='bbox 400 3522 565 3591; x_wconf 77' lang='lat' dir='ltr'><strong>respexit,</strong></span> <span class='ocrx_word' id='word_1_219' title='bbox 592 3529 623 3578; x_wconf 94' lang='lat' dir='ltr'><strong>nt</strong></span> <span class='ocrx_word' id='word_1_220' title='bbox 647 3541 689 3578; x_wconf 89' lang='lat' dir='ltr'><strong>me</strong></span> <span class='ocrx_word' id='word_1_221' title='bbox 707 3529 798 3579; x_wconf 89' lang='lat' dir='ltr'><strong>monet</strong></span> <span class='ocrx_word' id='word_1_222' title='bbox 816 3524 1011 3594; x_wconf 78' lang='lat' dir='ltr'><strong>Kiessling,</strong></span> <span class='ocrx_word' id='word_1_223' title='bbox 1038 3530 1095 3579; x_wconf 92' lang='lat' dir='ltr'><strong>tum</strong></span> <span class='ocrx_word' id='word_1_224' title='bbox 1121 3525 1228 3579; x_wconf 88' lang='lat' dir='ltr'><strong>demum</strong></span> <span class='ocrx_word' id='word_1_225' title='bbox 1258 3534 1337 3585; x_wconf 83' lang='lat' dir='ltr'><strong>rocta</strong></span> 
     </span>
     <span class='ocr_line' id='line_1_29' title="bbox 152 3610 1338 3686; baseline 0.004 -22"><span class='ocrx_word' id='word_1_226' title='bbox 152 3610 317 3678; x_wconf 87' lang='lat' dir='ltr'><strong>ponderabis‚</strong></span> <span class='ocrx_word' id='word_1_227' title='bbox 338 3611 360 3665; x_wconf 87' lang='lat' dir='ltr'><strong>si</strong></span> <span class='ocrx_word' id='word_1_228' title='bbox 378 3611 478 3667; x_wconf 77' lang='lat' dir='ltr'><strong>celeres</strong></span> <span class='ocrx_word' id='word_1_229' title='bbox 498 3629 529 3667; x_wconf 89' lang='lat' dir='ltr'><strong>ea</strong></span> <span class='ocrx_word' id='word_1_230' title='bbox 548 3613 581 3667; x_wconf 84' lang='lat' dir='ltr'><strong>ad</strong></span> <span class='ocrx_word' id='word_1_231' title='bbox 600 3614 639 3680; x_wconf 88' lang='grc' dir='ltr'><strong>ΙΙ,</strong></span> <span class='ocrx_word' id='word_1_232' title='bbox 650 3615 693 3679; x_wconf 75' lang='grc'><strong>32,</strong></span> <span class='ocrx_word' id='word_1_233' title='bbox 704 3615 732 3668; x_wconf 80' lang='lat'><strong>2:</strong></span> <span class='ocrx_word' id='word_1_234' title='bbox 756 3612 797 3668; x_wconf 88' lang='lat' dir='ltr'><strong>M.</strong></span> <span class='ocrx_word' id='word_1_235' title='bbox 816 3612 941 3668; x_wconf 77' lang='lat' dir='ltr'><strong>Catonern</strong></span> <span class='ocrx_word' id='word_1_236' title='bbox 959 3614 990 3668; x_wconf 84' lang='lat' dir='ltr'><strong>irc</strong></span> <span class='ocrx_word' id='word_1_237' title='bbox 1014 3614 1114 3669; x_wconf 77' lang='lat' dir='ltr'><strong>baldrico</strong></span> <span class='ocrx_word' id='word_1_238' title='bbox 1138 3612 1250 3682; x_wconf 79' lang='lat' dir='ltr'><strong>quidam</strong></span> <span class='ocrx_word' id='word_1_239' title='bbox 1273 3633 1338 3686; x_wconf 83' lang='lat' dir='ltr'><strong>per·-</strong></span> 
     </span>
     <span class='ocr_line' id='line_1_30' title="bbox 150 3697 1337 3772; baseline 0.009 -21"><span class='ocrx_word' id='word_1_240' title='bbox 150 3697 233 3752; x_wconf 82' lang='lat' dir='ltr'><strong>oussit</strong></span> <span class='ocrx_word' id='word_1_241' title='bbox 249 3698 417 3767; x_wconf 70' lang='lat' dir='ltr'><strong>imprudens:</strong></span> <span class='ocrx_word' id='word_1_242' title='bbox 435 3701 495 3769; x_wconf 82' lang='lat' dir='ltr'><strong>quis</strong></span> <span class='ocrx_word' id='word_1_243' title='bbox 506 3702 579 3756; x_wconf 83' lang='lat' dir='ltr'><strong>enirn</strong></span> <span class='ocrx_word' id='word_1_244' title='bbox 598 3701 640 3756; x_wconf 82' lang='lat' dir='ltr'><strong>ilii</strong></span> <span class='ocrx_word' id='word_1_245' title='bbox 656 3701 739 3757; x_wconf 68' lang='lat' dir='ltr'><strong>scmus</strong></span> <span class='ocrx_word' id='word_1_246' title='bbox 755 3703 856 3772; x_wconf 77' lang='lat' dir='ltr'><strong>faceret</strong></span> <span class='ocrx_word' id='word_1_247' title='bbox 871 3703 1023 3758; x_wconf 79' lang='lat' dir='ltr'><strong>iniuriam?</strong></span> <span class='ocrx_word' id='word_1_248' title='bbox 1037 3707 1129 3772; x_wconf 78' lang='lat' dir='ltr'><strong>posteo</strong></span> <span class='ocrx_word' id='word_1_249' title='bbox 1146 3703 1337 3772; x_wconf 66' lang='lat' dir='ltr'><strong>mitescerent·</strong></span> 
     </span>
     <span class='ocr_line' id='line_1_31' title="bbox 151 3786 1334 3863; baseline 0.008 -21"><span class='ocrx_word' id='word_1_250' title='bbox 151 3786 223 3854; x_wconf 74' lang='lat' dir='ltr'><strong>Octo,</strong></span> <span class='ocrx_word' id='word_1_251' title='bbox 242 3805 297 3842; x_wconf 82' lang='lat' dir='ltr'><strong>rma</strong></span> <span class='ocrx_word' id='word_1_252' title='bbox 314 3789 432 3856; x_wconf 74' lang='lat' dir='ltr'><strong>nemini,</strong></span> <span class='ocrx_word' id='word_1_253' title='bbox 452 3789 549 3860; x_wconf 82' lang='lat' dir='ltr'><strong>inquit,</strong></span> <span class='ocrx_word' id='word_1_254' title='bbox 573 3804 616 3842; x_wconf 80' lang='lat' dir='ltr'><strong>rna</strong></span> <span class='ocrx_word' id='word_1_255' title='bbox 639 3805 816 3853; x_wconf 83' lang='lat' dir='ltr'><strong>percussum.</strong></span> <span class='ocrx_word' id='word_1_256' title='bbox 856 3794 951 3849; x_wconf 75' lang='lat' dir='ltr'><strong>natira</strong></span> <span class='ocrx_word' id='word_1_257' title='bbox 974 3795 1084 3862; x_wconf 80' lang='lat' dir='ltr'><strong>poturit</strong></span> <span class='ocrx_word' id='word_1_258' title='bbox 1108 3811 1162 3849; x_wconf 84' lang='lat' dir='ltr'><strong>acc</strong></span> <span class='ocrx_word' id='word_1_259' title='bbox 1189 3809 1334 3863; x_wconf 80' lang='lat' dir='ltr'><strong>opnoooere</strong></span> 
     </span>
     <span class='ocr_line' id='line_1_32' title="bbox 153 3877 1337 3952; baseline 0.01 -22"><span class='ocrx_word' id='word_1_260' title='bbox 153 3893 234 3946; x_wconf 71' lang='lat' dir='ltr'><strong>qucum</strong></span> <span class='ocrx_word' id='word_1_261' title='bbox 252 3877 388 3932; x_wconf 71' lang='lat' dir='ltr'><strong>didicere</strong></span> <span class='ocrx_word' id='word_1_262' title='bbox 408 3921 414 3935; x_wconf 93' lang='lat'><strong>.</strong></span> <span class='ocrx_word' id='word_1_263' title='bbox 434 3921 440 3935; x_wconf 93' lang='lat'><strong>.</strong></span> <span class='ocrx_word' id='word_1_264' title='bbox 460 3920 467 3934; x_wconf 93' lang='lat'><strong>.</strong></span> <span class='ocrx_word' id='word_1_265' title='bbox 487 3920 493 3935; x_wconf 91' lang='lat'><strong>.</strong></span> <span class='ocrx_word' id='word_1_266' title='bbox 514 3880 555 3948; x_wconf 81' lang='lat'><strong>(3)</strong></span> <span class='ocrx_word' id='word_1_267' title='bbox 575 3922 582 3937; x_wconf 90' lang='lat'><strong>.</strong></span> <span class='ocrx_word' id='word_1_268' title='bbox 602 3923 608 3937; x_wconf 92' lang='lat'><strong>.</strong></span> <span class='ocrx_word' id='word_1_269' title='bbox 629 3920 635 3935; x_wconf 92' lang='lat'><strong>.</strong></span> <span class='ocrx_word' id='word_1_270' title='bbox 654 3882 745 3951; x_wconf 69' lang='lat' dir='ltr'><strong>amat</strong></span> <span class='ocrx_word' id='word_1_271' title='bbox 762 3882 850 3938; x_wconf 84' lang='lat' dir='ltr'><strong>animi</strong></span> <span class='ocrx_word' id='word_1_272' title='bbox 869 3886 909 3938; x_wconf 86' lang='lat' dir='ltr'><strong>est</strong></span> <span class='ocrx_word' id='word_1_273' title='bbox 925 3883 1043 3938; x_wconf 83' lang='lat' dir='ltr'><strong>iniurius</strong></span> <span class='ocrx_word' id='word_1_274' title='bbox 1065 3882 1240 3952; x_wconf 83' lang='lat' dir='ltr'><strong>despicere</strong></span> <span class='ocrx_word' id='word_1_275' title='bbox 1270 3924 1337 3942; x_wconf 85' lang='lat'><strong>...</strong></span> 
     </span>
     <span class='ocr_line' id='line_1_33' title="bbox 153 3966 1339 4040; baseline 0.008 -20"><span class='ocrx_word' id='word_1_276' title='bbox 153 3966 197 4034; x_wconf 68' lang='lat' dir='ltr'><strong>iile</strong></span> <span class='ocrx_word' id='word_1_277' title='bbox 215 3983 327 4036; x_wconf 78' lang='lat' dir='ltr'><strong>mcpnns</strong></span> <span class='ocrx_word' id='word_1_278' title='bbox 344 3972 371 4022; x_wconf 82' lang='lat' dir='ltr'><strong>et</strong></span> <span class='ocrx_word' id='word_1_279' title='bbox 386 3967 480 4023; x_wconf 74' lang='lat' dir='ltr'><strong>nobilis</strong></span> <span class='ocrx_word' id='word_1_280' title='bbox 497 3968 544 4038; x_wconf 82' lang='lat' dir='ltr'><strong>qni</strong></span> <span class='ocrx_word' id='word_1_281' title='bbox 561 3985 651 4024; x_wconf 87' lang='lat' dir='ltr'><strong>more</strong></span> <span class='ocrx_word' id='word_1_282' title='bbox 668 3987 809 4040; x_wconf 78' lang='lat' dir='ltr'><strong>mappae</strong></span> <span class='ocrx_word' id='word_1_283' title='bbox 825 3971 920 4039; x_wconf 78' lang='lat' dir='ltr'><strong>ferne</strong></span> <span class='ocrx_word' id='word_1_284' title='bbox 937 3973 1087 4027; x_wconf 84' lang='lat' dir='ltr'><strong>latratas</strong></span> <span class='ocrx_word' id='word_1_285' title='bbox 1111 3971 1339 4030; x_wconf 78' lang='lat' dir='ltr'><strong>minutorum</strong></span> 
     </span>
     <span class='ocr_line' id='line_1_34' title="bbox 151 4057 1334 4119; baseline 0.006 -7"><span class='ocrx_word' id='word_1_286' title='bbox 151 4067 269 4112; x_wconf 81' lang='lat' dir='ltr'><strong>curura</strong></span> <span class='ocrx_word' id='word_1_287' title='bbox 287 4074 420 4112; x_wconf 77' lang='lat' dir='ltr'><strong>recurras</strong></span> <span class='ocrx_word' id='word_1_288' title='bbox 437 4057 585 4116; x_wconf 77' lang='lat' dir='ltr'><strong>excudit.</strong></span> <span class='ocrx_word' id='word_1_289' title='bbox 622 4059 723 4115; x_wconf 85' lang='lat' dir='ltr'><strong>scilicet</strong></span> <span class='ocrx_word' id='word_1_290' title='bbox 740 4076 800 4114; x_wconf 91' lang='lat' dir='ltr'><strong>cum</strong></span> <span class='ocrx_word' id='word_1_291' title='bbox 817 4061 884 4116; x_wconf 86' lang='lat' dir='ltr'><strong>baec</strong></span> <span class='ocrx_word' id='word_1_292' title='bbox 902 4062 984 4117; x_wconf 86' lang='lat' dir='ltr'><strong>verba</strong></span> <span class='ocrx_word' id='word_1_293' title='bbox 1001 4061 1179 4119; x_wconf 84' lang='lat' dir='ltr'><strong>conscriberet</strong></span> <span class='ocrx_word' id='word_1_294' title='bbox 1196 4076 1253 4115; x_wconf 84' lang='lat' dir='ltr'><strong>aon</strong></span> <span class='ocrx_word' id='word_1_295' title='bbox 1271 4077 1334 4119; x_wconf 81' lang='lat' dir='ltr'><strong>sen·</strong></span> 
     </span>
     <span class='ocr_line' id='line_1_35' title="bbox 154 4144 1338 4218; baseline 0.008 -18"><span class='ocrx_word' id='word_1_296' title='bbox 154 4144 205 4200; x_wconf 82' lang='lat' dir='ltr'><strong>tire</strong></span> <span class='ocrx_word' id='word_1_297' title='bbox 221 4162 380 4215; x_wconf 73' lang='lat' dir='ltr'><strong>percussum,</strong></span> <span class='ocrx_word' id='word_1_298' title='bbox 399 4153 431 4202; x_wconf 92' lang='lat' dir='ltr'><strong>nt</strong></span> <span class='ocrx_word' id='word_1_299' title='bbox 443 4147 501 4203; x_wconf 86' lang='lat' dir='ltr'><strong>luce</strong></span> <span class='ocrx_word' id='word_1_300' title='bbox 520 4146 617 4204; x_wconf 87' lang='lat' dir='ltr'><strong>clarius</strong></span> <span class='ocrx_word' id='word_1_301' title='bbox 636 4154 686 4215; x_wconf 87' lang='lat' dir='ltr'><strong>est,</strong></span> <span class='ocrx_word' id='word_1_302' title='bbox 705 4149 792 4205; x_wconf 87' lang='lat' dir='ltr'><strong>auimo</strong></span> <span class='ocrx_word' id='word_1_303' title='bbox 811 4151 927 4207; x_wconf 87' lang='lat' dir='ltr'><strong>auctoris</strong></span> <span class='ocrx_word' id='word_1_304' title='bbox 940 4151 987 4205; x_wconf 89' lang='lat' dir='ltr'><strong>illa</strong></span> <span class='ocrx_word' id='word_1_305' title='bbox 999 4153 1032 4205; x_wconf 86' lang='lat' dir='ltr'><strong>de</strong></span> <span class='ocrx_word' id='word_1_306' title='bbox 1045 4152 1147 4206; x_wconf 76' lang='lat' dir='ltr'><strong>(latone</strong></span> <span class='ocrx_word' id='word_1_307' title='bbox 1165 4165 1338 4218; x_wconf 84' lang='lat' dir='ltr'><strong>percusso</strong></span> 
     </span>
     <span class='ocr_line' id='line_1_36' title="bbox 148 4235 1336 4304; baseline 0.007 -13"><span class='ocrx_word' id='word_1_308' title='bbox 148 4235 348 4291; x_wconf 84' lang='lat' dir='ltr'><strong>narratiuncula</strong></span> <span class='ocrx_word' id='word_1_309' title='bbox 366 4235 566 4293; x_wconf 80' lang='lat' dir='ltr'><strong>obversabatur.</strong></span> <span class='ocrx_word' id='word_1_310' title='bbox 604 4236 637 4292; x_wconf 92' lang='lat' dir='ltr'><strong>ob</strong></span> <span class='ocrx_word' id='word_1_311' title='bbox 657 4238 766 4294; x_wconf 86' lang='lat' dir='ltr'><strong>eandem</strong></span> <span class='ocrx_word' id='word_1_312' title='bbox 784 4253 840 4294; x_wconf 87' lang='lat' dir='ltr'><strong>rem</strong></span> <span class='ocrx_word' id='word_1_313' title='bbox 860 4239 941 4298; x_wconf 88' lang='lat' dir='ltr'><strong>etiam</strong></span> <span class='ocrx_word' id='word_1_314' title='bbox 969 4240 1022 4304; x_wconf 85' lang='grc' dir='ltr'>ΙΙΙ,</span> <span class='ocrx_word' id='word_1_315' title='bbox 1042 4242 1076 4294; x_wconf 78' lang='lat'><strong>25</strong></span> <span class='ocrx_word' id='word_1_316' title='bbox 1104 4240 1170 4295; x_wconf 87' lang='lat' dir='ltr'><strong>illud</strong></span> <span class='ocrx_word' id='word_1_317' title='bbox 1193 4240 1226 4294; x_wconf 88' lang='lat' dir='ltr'><strong>de</strong></span> <span class='ocrx_word' id='word_1_318' title='bbox 1255 4240 1336 4299; x_wconf 77' lang='lat' dir='ltr'><strong>fara</strong></span> 
     </span>
     <span class='ocr_line' id='line_1_37' title="bbox 154 4325 783 4384; baseline 0.006 -4"><span class='ocrx_word' id='word_1_319' title='bbox 154 4325 293 4382; x_wconf 84' lang='lat' dir='ltr'><strong>canibus</strong></span> <span class='ocrx_word' id='word_1_320' title='bbox 312 4325 560 4383; x_wconf 83' lang='lat' dir='ltr'><strong>circumlatrata</strong></span> <span class='ocrx_word' id='word_1_321' title='bbox 578 4327 710 4383; x_wconf 87' lang='lat' dir='ltr'><strong>adiectum</strong></span> <span class='ocrx_word' id='word_1_322' title='bbox 732 4332 783 4384; x_wconf 88' lang='lat' dir='ltr'><strong>est.</strong></span> 
     </span>
    </p>
   </div>
   <div class='ocr_carea' id='block_1_10' title="bbox 0 0 1414 4764">
    <p class='ocr_par' dir='ltr' id='par_1_10' title="bbox 0 0 1414 4764">
     <span class='ocr_line' id='line_1_38' title="bbox 0 0 1414 4764; baseline 0 0"><span class='ocrx_word' id='word_1_323' title='bbox 0 0 1414 4764; x_wconf 95' lang='lat' dir='ltr'><strong> </strong></span> 
     </span>
    </p>
   </div>
  </div>
 </body>
</html>
