2820 4764
592 218 805 312 Α,

111 425 204 491 huius
229 432 324 492 notae
348 424 462 508 (usque
487 427 529 492 ad
552 446 579 492 c.
607 425 673 512 10).
698 433 762 492 tum
789 426 864 510 (11)
888 426 921 492 id
945 427 1101 508 promitur
1129 427 1293 493 adversus

111 534 222 598 hostes
245 533 326 598 iram
350 552 412 597 non
441 534 656 599 neeessariam
689 552 770 608 esse,
801 533 895 598 immo
926 533 1151 615 pe1·uioiosam·;
1183 533 1294 600 Theo·

111 641 263 720 phrastus
296 640 503 722 redarguitur
533 642 642 706 dicens
677 641 764 707 viros
796 641 895 706 bonos
934 640 1032 706 irasci
1066 660 1124 721 pro
1160 659 1294 707 suorum

111 746 237 839 iniuriis
261 744 344 831 (12),
369 747 539 828 exponitur
563 767 623 828 quo
646 748 749 813 maior
779 747 822 813 sit
845 767 882 812 eo
916 747 1055 828 peiorem
1088 765 1160 812 esse
1195 748 1293 832 iram,

113 871 190 935 ergo
214 853 341 918 omnino
366 873 429 919 non
452 854 685 919 admittendam
703 853 785 938 (13).
797 874 823 920 e.
844 860 880 920 14
905 873 1016 920 rursus
1045 860 1158 919 eontra
1185 855 1296 920 Theo·

112 961 276 1041 phrastum
302 961 486 1042 disputatur
516 963 614 1027 bonos
643 981 706 1027 non
730 962 827 1027 irasci
855 963 958 1028 malis,
1005 961 1122 1026 deinde
1150 960 1219 1043 (15,
1235 963 1295 1046 16)

112 1067 154 1132 ad
177 1068 211 1133 id
234 1068 412 1135 reflectitur
435 1070 517 1149 quod
539 1069 603 1135 iam
620 1088 647 1134 c.
665 1076 683 1133 6
702 1069 880 1135 confectum
905 1088 976 1134 esse
1001 1075 1149 1150 putares:
1175 1069 1294 1151 punire

113 1180 262 1254 oportere
286 1176 355 1241 sine
378 1176 438 1241 ira.

159 1287 190 1363 6,
206 1290 239 1348 1:
261 1303 331 1348 aori
347 1284 527 1366 utiquuado
542 1284 650 1350 rusti·

18 1475 22 1479 ⁵
111 1375 215 1474 yutio
230 1391 448 1455 aeeessurio
464 1389 538 1456 est?
558 1392 651 1473 quid·

114 1495 176 1561 ai?
197 1498 261 1562 sed
283 1497 372 1563 haee
386 1499 470 1563 siae
486 1498 562 1578 iro,
579 1519 650 1563 cum

113 1603 248 1668 rutioae.
279 1624 349 1669 aoa
364 1605 450 1670 euim
471 1608 567 1686 aocet,
587 1606 650 1670 sed

113 1711 289 1774 medetur
323 1712 446 1793 speeie
486 1713 650 1778 aooeadi

806 1291 857 1366 15,
877 1294 912 1350 1:
936 1284 1142 1368 eorriyeadus
1164 1288 1210 1348 est
1231 1285 1295 1350 itu·

758 1412 819 1473 que
833 1391 890 1473 qui
900 1395 1015 1474 peceat,
1032 1394 1060 1455 et
1071 1391 1297 1458 udaroaitioree

758 1503 788 1563 et
809 1499 842 1563 ei
866 1546 874 1564 .
900 1546 907 1562 .
933 1547 941 1562 .
966 1497 1184 1578 metiorque..
1210 1547 1218 1562 .
1242 1497 1296 1580 fu·

757 1606 888 1670 amadus
910 1625 988 1670 aea
1016 1604 1100 1669 siae
1128 1605 1296 1690 castiqu-

757 1712 874 1794 tioae‚
899 1712 964 1776 sed
985 1712 1070 1776 siae
1094 1711 1167 1776 ira.
1207 1713 1298 1794 quis

702 1817 705 1866 ⁴
756 1819 859 1885 euim
890 1818 951 1884 eui
989 1819 1160 1883 medetur
1193 1819 1297 1886 irus·

702 1870 704 2024 i
756 1923 982 1991 eitur?...

203 2027 279 2094 item
304 2030 425 2111 gradus
455 2031 536 2096 eerti
559 2036 763 2112 peecatorum
793 2050 1023 2114 poenarumque
1053 2031 1300 2114 distinguuntur

113 2135 255 2218 imagine
277 2156 298 2202 a
320 2137 481 2203 medicina
504 2139 708 2221 deprompta:

160 2251 190 2326 6,
209 2251 242 2309 2:
267 2264 378 2326 merope
393 2246 531 2312 medicus
540 2247 650 2329 primo

114 2351 153 2416 ia
180 2351 297 2416 teribus
319 2352 408 2418 uitiis
431 2357 560 2436 temptat
581 2375 650 2420 moa

114 2457 252 2523 mutium
281 2506 289 2524 .
320 2508 360 2524 ..
392 2460 546 2542 iarieetere
574 2509 582 2526 .
608 2509 615 2528 .
642 2510 649 2525 .

110 2565 300 2648 proximum
323 2571 367 2631 est
382 2571 420 2632 ut
441 2568 554 2632 modus
573 2589 649 2649 pro·

113 2672 650 2757 fieiut.si...si...si...(3)

115 2781 162 2845 itu
178 2780 280 2865 terrim
300 2780 476 2862 praesidem
500 2781 652 2846 ciuitatis·

116 2907 176 2970 que
199 2890 347 2953 rectorem
377 2888 465 2968 deret,
495 2887 653 2970 quamdiu

110 2999 220 3078 potest,
245 2994 398 3060 vermis.
425 3042 433 3058 .
459 3042 466 3059 .
491 2995 653 3079 iareaiu

115 3121 265 3181 errrore,
314 3152 320 3165 .
363 3149 371 3164 .
411 3150 419 3165 .
456 3150 463 3165 .
510 3104 655 3166 trauseat

117 3209 231 3274 deiude
274 3208 318 3272 ed
362 3207 536 3273 tristiorem
581 3228 653 3272 ora·

117 3315 234 3380 tioaem
268 3363 275 3379 .
303 3363 310 3378 .
336 3363 344 3378 .
371 3366 377 3380 .
411 3314 580 3380 uerissime
611 3316 654 3380 ud

111 3441 235 3505 poeaos
265 3421 343 3488 teres
366 3423 515 3488 dmrrrrut
544 3470 550 3486 .
577 3470 584 3487 .
610 3470 618 3486 .
644 3470 651 3486 .

116 3529 254 3595 uttimu
277 3529 477 3613 supplicia
499 3528 653 3595 sceleri·

118 3636 185 3702 dus
206 3637 361 3702 ultimis
378 3640 503 3719 poaut
527 3687 533 3702 .
559 3685 567 3700 .
593 3683 600 3701 .

806 2253 906 2328 16,1:
955 2295 963 2310 .
990 2294 1030 2312 ..
1061 2266 1154 2311 omae
1171 2267 1300 2328 poeaue

756 2375 858 2440 aeuus
889 2353 1007 2419 remedi
1040 2352 1104 2418 loeo
1135 2353 1299 2418 admoveo.

760 2466 796 2526 tu
818 2461 924 2527 adhue
945 2461 985 2526 ia
995 2461 1108 2543 urimo
1118 2463 1212 2542 purte
1225 2480 1299 2523 oer-

758 2569 844 2635 surr's
867 2589 1039 2633 errorum.
1065 2616 1073 2633 .
1099 2613 1106 2631 .
1132 2585 1162 2629 .:
1187 2563 1298 2628 obiur-

728 2728 730 2732 Α
757 2676 846 2762 ratio
870 2723 877 2739 .
904 2724 912 2740 .
938 2724 945 2739 .
971 2678 998 2738 te
1018 2673 1185 2740 eareadure
1200 2674 1300 2753 temp-

761 2784 840 2849 aba
863 2831 871 2848 .
898 2834 904 2848 .
931 2832 938 2846 .
964 2787 1026 2848 ‚tu
1065 2778 1192 2863 ioayius
1229 2777 1302 2844 ium

755 2890 935 2972 processisti
970 2907 1067 2970 aarum
1101 2889 1143 2950 at
1172 2884 1303 2966 possis

760 2997 885 3062 uerbis
914 2994 1071 3060 suauri:
1115 2989 1302 3077 iyaomiaiu

761 3101 979 3168 coatiaeberis.
1019 3099 1077 3164 tibi
1095 3098 1215 3181 fortius
1238 3097 1303 3161 uti·

761 3210 841 3292 quid
870 3259 877 3275 .
908 3258 916 3273 .
946 3256 954 3272 .
1009 3206 1211 3271 iaureadum
1238 3207 1299 3268 est:

761 3317 799 3382 ia
822 3316 981 3381 erilium.
1007 3361 1015 3378 .
1042 3310 1213 3378 mitteris.
1261 3311 1304 3376 im

762 3428 789 3488 te
805 3423 941 3488 duriora
956 3420 1098 3486 remedio
1113 3419 1180 3482 ium
1195 3416 1304 3481 satida

761 3530 908 3612 aequitio
940 3527 1099 3593 desiderat
1122 3573 1207 3590 ....
1247 3521 1302 3607 (3)

763 3634 820 3703 titi
857 3634 1056 3702 iasoaabitis
1097 3632 1230 3697 uaimus
1267 3635 1304 3695 et

761 3742 969 3810 sceleribus
1019 3740 1160 3808 seelera
1211 3757 1304 3803 ooa-

762 3856 893 3917 teaeus
918 3897 925 3914 .
952 3900 958 3915 .
985 3898 992 3914 .
1012 3869 1073 3932 per
1111 3851 1169 3910 tuo
1196 3844 1304 3910 aliea·

761 3979 842 4040 uque
864 3956 1008 4022 rotatutu
1036 3952 1232 4036 supplicia
1265 3952 1305 4018 id

761 4065 846 4147 qrmd
868 4083 973 4128 uaum
997 4062 1055 4127 tihi
1076 4061 1195 4126 boaum
1209 4079 1304 4144 supe·

760 4174 824 4236 rest
834 4167 1188 4254 praeseatubimas,
1206 4186 1304 4231 mor·

761 4282 842 4343 tem.
