2820 4764
608 307 790 316 -—-——.

123 428 334 511 expressisse:
361 428 516 494 eiusmodi
534 429 660 495 consilii
683 429 830 510 equidem
855 449 959 510 neque
982 431 1156 512 vestigium
1180 431 1313 498 invenio

121 554 222 618 usque
245 535 405 601 rationem
428 530 598 620 perspicio.
628 536 766 610 ,deinde
789 536 1006 607 conferamus:

165 644 214 726 ΙΙ,
240 649 293 724 36,
319 651 350 726 4,
376 637 531 729 proxime
546 648 659 730 antea:
713 643 717 732 Ι
814 644 882 723 ΙΙΙ,
900 651 1003 725 28,2;
1030 694 1037 708 .
1063 691 1071 707 .
1097 691 1105 707 .
1131 690 1139 706 .
1163 662 1235 708 urm
1272 640 1309 706 id

120 751 226 836 mauis
247 748 251 754 ’
272 749 357 814 iliud
400 750 575 845 uidendum
619 753 663 814 esi

119 877 233 940 quam
265 857 401 922 multis
436 857 499 921 ira
529 878 597 945 ner
625 877 661 921 se

121 965 308 1030 noocrerit.
362 962 424 1027 alii
462 963 565 1030 nimio
593 962 660 1046 fer·

109 1091 194 1149 ⁴uore
215 1091 330 1153 runem
353 1090 452 1136 uenas
473 1074 504 1136 et
525 1073 660 1157 sanaui-

120 1198 195 1242 nem
223 1198 326 1260 supra
357 1178 441 1244 uires
470 1177 574 1244 datus
596 1179 660 1244 cicr-

122 1305 192 1348 mor
214 1285 323 1369 eucerii
348 1288 378 1349 ei
399 1284 658 1352 luminum-sub-

118 1389 210 1472 fudit
239 1391 338 1456 aciem
370 1393 409 1457 in
441 1392 545 1457 anulos
572 1393 658 1457 cehe·

120 1498 259 1563 mentius
289 1519 384 1563 umor
412 1502 531 1583 eqestus
564 1502 594 1562 et
620 1499 659 1564 in

119 1604 244 1669 rorarios
267 1605 359 1689 acori
384 1597 529 1670 recidere.
562 1604 658 1670 nuda

118 1710 249 1776 celerior
277 1712 322 1775 ad
344 1711 513 1777 insaniam
536 1711 591 1776 nia
613 1716 671 1776 est-

276 1818 406 1883 Aiacem
444 1818 483 1883 in
525 1821 657 1883 morian

117 1924 180 2009 enit
192 1923 298 2006 ferror,
311 1925 351 1991 iu
362 1925 507 2008 furorem
524 1925 578 1990 ira
595 1973 602 1989 .
620 1974 628 1989 .
647 1965 673 1988 .*

768 761 821 833 (sc.
838 751 955 837 volucis
974 747 1131 834 rotatque)
1153 748 1212 813 tibi
1234 767 1307 851 con·

753 858 889 942 timuere
904 857 975 922 sicce
988 855 1160 943 certamine
1182 874 1223 918 ac
1241 873 1310 934 pe*

768 963 894 1029 ricula
930 983 1000 1028 nou
1027 961 1143 1043 possit,
1182 959 1309 1025 etiamsi

768 1092 841 1135 cum
856 1069 1012 1153 inferiore
1027 1088 1199 1134 comrerses.
1219 1066 1306 1131 uinc-

768 1181 837 1242 tum
869 1177 940 1241 licet
966 1175 1104 1257 narnias
1133 1177 1160 1239 et
1183 1172 1227 1237 ad
1249 1192 1307 1237 ar-

767 1285 902 1350 bitrium
918 1288 1010 1348 tuum
1026 1281 1117 1347 ouini
1126 1279 1307 1363 patientiae

767 1391 960 1474 depositum:
996 1409 1088 1471 saepe
1119 1386 1227 1452 nimia
1258 1384 1306 1450 uis

767 1499 923 1563 caedentis
951 1500 1011 1561 aret
1036 1493 1210 1561 articrdum
1241 1491 1310 1556 daco·

766 1605 866 1669 moon
909 1607 969 1669 aui
1003 1621 1139 1668 neruum
1177 1601 1215 1665 in
1254 1597 1311 1663 his·

766 1732 845 1793 quos
874 1709 1016 1795 freyerat
1047 1708 1195 1773 dentibus
1220 1704 1303 1787 finit.

765 1817 906 1883 multas
948 1814 1162 1882 iracundia
1194 1832 1314 1878 neuun.

756 1947 837 2008 cos,
862 1925 1004 1990 multos
1027 1922 1174 1989 debiles
1200 1920 1307 2003 fecit

766 2081 773 2097 .
800 2082 808 2097 .
834 2082 841 2096 .
867 2082 875 2097 .
899 2033 988 2098 adice
1002 2051 1092 2096 nunc
1107 2029 1192 2112 quad
1213 2027 1302 2094 nihil

765 2143 831 2204 tam
861 2138 1012 2204 imbecille
1042 2141 1158 2203 natium
1190 2139 1235 2201 esi
1266 2138 1309 2201 ut

762 2247 834 2312 sine
878 2244 1027 2312 didacidis
1067 2242 1212 2326 periculo
1244 2263 1304 2326 ne·

762 2357 832 2418 reat
854 2403 861 2418 .
887 2402 895 2419 .
921 2404 928 2419 .
955 2401 962 2416 .

207 2462 343 2539 utroque
377 2458 438 2524 hoo
464 2457 533 2523 loeo
561 2458 643 2531 iram
667 2460 910 2542 perseipsum
934 2454 1149 2525 irascentibus
1171 2456 1303 2539 saepius

117 2582 235 2630 nocere
258 2565 438 2646 exponitur.
485 2565 543 2632 sed
563 2555 733 2634 'videamus
756 2586 866 2649 porro:

162 2672 210 2754 ΙΙ,
236 2680 289 2754 29,
317 2680 345 2739 Ι.
373 2676 580 2738 maximam
602 2695 656 2740 re·
725 2758 728 2763 ῃ

92 2778 282 2843 >medium
334 2780 419 2844 irae
460 2800 564 2844 mara
601 2784 654 2847 est.

808 2675 876 2758 III,
904 2681 954 2758 12,
980 2680 1034 2741 4.
1060 2722 1101 2740 ..
1132 2724 1139 2741 .
1165 2700 1172 2741 :
1204 2673 1301 2762 atqui

761 2783 972 2847 munierum
994 2782 1198 2848 reuredinm
1215 2786 1298 2852 irae

117 2884 174 2950 noc
206 2885 245 2949 ab
273 2883 334 2949 dia
356 2887 429 2966 pete
450 2886 557 2970 initio,
586 2908 655 2954 non
706 2853 711 2996 i
763 2889 903 2988 dilatio
930 2892 996 2971 est,
1021 2892 1059 2953 ut
1074 2891 1206 2972 primus
1228 2894 1298 2961 eius

116 2995 158 3056 ut
185 2992 373 3078 iynoseat,
401 2993 455 3058 sed
487 2996 528 3058 ut
549 2993 653 3060 iudi-

115 3103 168 3164 cet.
231 3119 344 3185 arares
380 3098 474 3166 habet
517 3102 653 3184 impetus

112 3206 248 3287 primos:
284 3207 412 3290 desinet,
447 3208 477 3273 si
503 3213 650 3292 expectat.

258 3312 408 3380 similiter
438 3314 504 3381 iam
538 3325 590 3390 22,
615 3323 649 3382 3:

4 3466 13 3486 ..
118 3421 420 3487 ...dandum
452 3443 574 3506 semper
608 3427 652 3488 est

116 3530 272 3611 tempus:
288 3529 450 3594 veritatem
461 3531 527 3595 dies
536 3527 650 3613 aperit.

760 2996 868 3081 feruor
893 2995 1123 3083 'cedamquescat
1156 3047 1164 3064 .
1202 3047 1209 3066 .
1246 3050 1254 3067 .
1286 3050 1294 3071 .

761 3104 919 3187 quaedam
1097 3104 1189 3190 nora,
1225 3128 1295 3176 nou

761 3215 888 3276 tantum
911 3211 978 3276 dies
999 3210 1119 3277 mediet
1141 3261 1149 3278 .
1175 3262 1182 3279 .
1208 3263 1216 3281 .
1242 3216 1296 3282 ,si

759 3316 847 3382 nidd
874 3317 970 3403 cuerit
991 3318 1093 3400 petita
1120 3320 1293 3405 aduocatio,

759 3423 1291 3514 appenditiamiudiciumessc,

758 3550 836 3596 uon
879 3529 981 3596 iram
1023 3531 1175 3617 accieauid
1211 3536 1293 3604 uoles

758 3635 853 3719 quale
902 3637 944 3703 eit
988 3638 1080 3725 scire,
1129 3645 1293 3729 terrrnori

757 3745 847 3810 irad
854 3766 870 3812 e
895 3793 901 3810 .
928 3795 936 3812 .
962 3794 1002 3813 ..

203 3854 256 3934 hie
283 3855 401 3938 plures,
435 3860 521 3938 puto,
553 3855 756 3923 recensiones
779 3858 925 3926 monibus
948 3858 1083 3942 palpare
1107 3864 1207 3943 potes.
1248 3862 1289 3928 od

114 3960 161 4028 ΙΙ.
186 3968 238 4043 22,
265 3970 284 4028 2
314 3982 377 4046 age
400 3963 510 4029 statim
534 3981 679 4029 connexu
701 3965 857 4045 quaedam
881 3966 1072 4035 adiciamus:

157 4066 205 4151 ΙΙ,
231 4074 284 4152 22,
309 4077 345 4137 4;
366 4071 456 4154 quid,
478 4071 564 4153 quod
579 4090 648 4136 uon

112 4176 395 4243 criminationibus
424 4182 562 4260 tantum,
593 4177 648 4243 sed

57 4310 61 4315 ·
111 4284 401 4366 suspicionibus
472 4284 644 4365 impelii-

700 4066 704 4207 ,
801 4072 868 4156 ΙΙΙ,
902 4080 952 4149 12,
990 4082 1020 4142 1:
1061 4095 1181 4161 unauna
1206 4096 1288 4161 pars

755 4179 911 4263 querellas
956 4200 1060 4247 uranu
1103 4182 1178 4263 feeit
1228 4190 1289 4254 aut

752 4284 858 4367 falsa
893 4287 1132 4370 suspicando
1160 4301 1219 4364 aut
1246 4298 1286 4365 le·
